2776 4882
521 285 659 356 AJAX.
1046 292 1112 362 209

51 453 221 527 fortunam,
232 459 299 519 cami
314 455 505 534 jacuissemus
524 461 686 520 foedissima·
699 464 811 518 morte:
833 446 976 537 ipse'vero
989 458 1106 517 viveret.
1128 461 1205 516 1000

49 532 151 594 ‘Nunc
162 534 273 606 autem,
284 549 398 598 mutata
407 543 477 607 vice
488 541 570 599 Deus
582 543 613 597 in
623 556 715 615 pecua
727 547 757 597 et
765 557 871 617 greges
879 536 968 612 hujus
977 539 1109 597 furorem
1133 558 1139 567 ’

56 616 177 674 evertit.
197 618 386 695 Quapropter
398 637 486 677 nemo
498 627 543 676 est
555 620 628 677 adeo
639 627 754 694 potens,
764 630 798 677 ut
810 621 902 677 humo
911 618 1019 676 condat
1027 618 1108 691 illius

56 692 198 753 cadavera
223 698 273 754 sed
294 699 375 756 flovae
398 716 496 756 arenae
518 699 605 757 litore
625 695 782 774 projectus,
803 698 903 756 avibus
923 698 1042 756 marinis
1056 697 1107 754 liet
1126 697 1201 752 1065

56 770 212 846 pabulum.
251 777 378 835 Proinde
388 796 427 835 ne
439 777 579 852 superbos
592 779 679 835 nimis
691 778 761 835 tolle
774 778 900 853 spiritus.
939 775 1018 834 Nam
1028 776 1052 833 si
1065 777 1107 832 vi-

55 857 176 910 ventem
188 870 372 931 compescere
385 873 445 913 non
455 857 613 931 potuimus,
624 857 852 932 utiquemortuo
862 857 1018 932 imperium
1031 855 1107 912 inhi-

56 924 204 999 bebimus,
218 937 332 992 etiamsi
344 936 428 1002 nolu,
441 938 470 992 vi
481 941 656 1008 coercentes.
689 935 804 993 Nullibi
814 937 895 992 enim
907 935 992 993 dictis
1004 952 1106 1010 parere
1125 933 1180 993 107
1181 935 1202 986 0

53 1006 140 1067 vivus
151 1026 283 1088 unquam
294 1014 388 1072 voluit
401 1016 482 1072 meis.
521 1015 708 1090 Quamquam
720 1013 794 1072 illud
806 1015 897 1072 animi
912 1020 957 1071 est
969 1013 1117 1090 improbi,

54 1102 150 1164 quum
163 1090 253 1149 liomo
271 1094 400 1168 privatus
416 1093 491 1150 nihil
505 1110 536 1150 sc
548 1093 763 1169 magistratibus
776 1093 894 1150 obedire
908 1111 1023 1170 aequum
1037 1109 1105 1165 cen·

54 1170 110 1224 set.
132 1164 223 1227 Haud
230 1172 309 1228 enim
319 1171 696 1248 unquamincivitateleges
708 1172 830 1247 pulchre
838 1182 999 1238 serventur,
1008 1171 1105 1229 soluto

55 1251 155 1319 metim
170 1264 265 1326 neque
274 1253 417 1308 exercitus
423 1247 504 1323 jussu
513 1251 620 1308 ducum
631 1250 761 1307 modeste
767 1259 906 1326 capessat,
916 1251 999 1307 omni
1006 1258 1104 1310 metus
1123 1247 1200 1325 1075

54 1330 87 1380 et
101 1324 225 1401 pudoris
237 1329 319 1386 obice
331 1339 439 1387 amoto.
465 1329 522 1386 Sed
534 1331 663 1405 cogitare
676 1335 793 1404 oportet
805 1331 910 1396 virum,
923 1347 964 1397 se,
975 1331 1104 1407 quamvis

53 1412 175 1477 ptaestet
187 1425 296 1484 magna
308 1409 386 1466 mole
398 1408 536 1484 corporis,
550 1426 639 1483 parvo
651 1418 779 1466 tamena
790 1409 869 1466 malo
877 1426 961 1484 posse
971 1409 1103 1484 praecipi-
1197 1442 1200 1447 ·

54 1486 118 1539 iem
129 1482 201 1544 dari.
222 1487 341 1563 Quippe
350 1489 500 1553 cuitimor
512 1486 602 1553 adest,
614 1487 765 1564 pudorque
774 1488 870 1554 simul,
881 1488 960 1544 hunc
969 1488 1103 1563 sospitnri
1121 1483 1200 1538 1030

55 1560 145 1618 scitos
167 1570 198 1621 at
209 1567 302 1624 sicubi
312 1568 408 1624 omnis
420 1563 537 1639 injuriis
555 1567 692 1642 praevalet
705 1566 834 1634 licentia,
847 1567 923 1623 hanc
936 1566 1022 1623 crede
1033 1566 1103 1623 civi-

56 1641 149 1713 tatem
171 1645 243 1702 olim
263 1643 382 1702 tandem
402 1663 489 1703 cursu
510 1663 528 1701 e
547 1645 674 1702 secundo
696 1663 811 1720 pessum
828 1646 972 1703 ruituram
991 1652 1101 1704 tamen.

61 1717 183 1778 Constet
200 1724 298 1801 itaque
319 1724 393 1781 mihi
411 1721 509 1799 justus
527 1724 641 1781 timoris
658 1725 761 1781 modus
770 1749 780 1796 3
801 1741 895 1800 neque
908 1732 1054 1800 putemus,
1065 1725 1101 1791 si,
1121 1721 1197 1776 1085

59 1812 125 1873 quse
130 1796 247 1873 juvent,
259 1803 423 1870 fecerimus,
437 1820 490 1860 nos
511 1820 573 1859 non
592 1804 804 1880 vicissimque
823 1803 950 1865 doleant,
967 1820 1102 1879 passuros

10 1886 13 1937 ἶ
59 1892 128 1935 csse.
158 1878 273 1938 Mutuis
286 1884 341 1939 ista
355 1883 462 1939 vicibus
475 1882 629 1939 alternant.
664 1881 737 1939 Erat
750 1883 798 1938 hic
809 1882 854 1939 vir
866 1892 953 1940 antea
964 1882 1100 1944 fervidus,

59 1950 197 2027 injurius:
220 1977 299 2018 nuuc
311 1964 368 2037 ego
381 1962 503 2018 vicissim
516 1960 652 2034 superbio
658 1985 667 2031 ;
691 1961 803 2037 tibique
821 1961 947 2037 praedico
966 1961 1101 2019 huncne

60 2035 163 2173 w
174 2039 320 2115 sepulcro,
334 2058 371 2097 ne
383 2040 604 2116 illumsepelire
617 2039 689 2097 dum
701 2040 810 2108 studes,
824 2041 885 2117 ipse
895 2041 927 2098 in
935 2040 1101 2115 sepulcrum
1120 2038 1197 2096 1090

95 2192 160 2253 CH.
173 2196 327 2267 Menelao,
340 2217 378 2259 ne
391 2208 458 2278 post
471 2200 712 2278 editasapienter
730 2205 776 2257 tot
795 2197 890 2266 effata,
903 2198 964 2273 ipse
978 2197 1010 2255 in
1022 2200 1101 2256 mor·

64 2271 335 2347 tuorinjuriusfias.
1201 2322 1203 2326 .

93 2350 210 2414 TEUC.
231 2355 321 2415 Haud
332 2360 469 2436 equidem
481 2360 616 2436 amplius,
629 2358 648 2416 o
661 2360 725 2426 viri,
737 2357 903 2416 demirabor
915 2372 1033 2432 peccore
1045 2355 1100 2413 ho-

46 2456 49 2461 ·
66 2430 169 2491 niuem
180 2441 250 2494 ortu
261 2437 432 2514 ignobilem,
446 2458 537 2516 quum
550 2439 602 2516 qui
621 2438 757 2496 videntur
775 2454 918 2514 generosa
929 2435 1019 2511 stirpe
1032 2452 1099 2510 pro-
1119 2435 1194 2493 1095

64 2511 148 2584 gnati,
161 2519 224 2573 iam
236 2516 333 2573 stultis
342 2519 525 2576 sermonibus
536 2519 665 2594 graviter
676 2528 798 2593 peccant
810 2515 891 2573 adeo.
924 2515 987 2591 Age
999 2523 1100 2590 repete

63 2586 95 2645 ob
104 2590 199 2650 initio.
218 2592 303 2652 Num
315 2601 350 2653 tu
360 2597 402 2654 ais
412 2599 491 2655 hunc
503 2598 599 2655 virum
611 2597 726 2656 Achivis
736 2597 847 2654 socium
860 2596 918 2652 huc
929 2594 1098 2651 adduxisse?

63 2662 124 2727 Nou
142 2672 206 2747 lpse
219 2690 271 2731 sua
292 2684 397 2750 sponte
416 2677 589 2753 enavigavit,
602 2684 637 2734 ut
650 2677 695 2733 sui
703 2672 797 2748 juris?
820 2674 949 2732 Ubinam
962 2679 996 2730 tu
1006 2674 1098 2749 impe·
1118 2673 1196 2727 1100

10 2766 12 2777 ·
64 2755 136 2807 tutor
146 2746 213 2822 ejus
222 2751 321 2825 fuisti?
335 2754 456 2829 ubinam
467 2755 522 2812 tibi
531 2756 613 2813 licuit
623 2757 712 2829 copiis
726 2772 856 2830 praeesse,
867 2771 937 2830 quas
948 2753 995 2809 ille
1006 2752 1100 2828 putria

10 2860 13 2869 ·
63 2824 175 2887 mint?
190 2830 303 2906 Spartae
311 2850 363 2891 rex
372 2835 485 2896 venisti,
496 2836 666 2912 neutiquam
676 2835 708 2890 in
718 2852 771 2891 nos
781 2834 937 2909 imperium
945 2831 1096 2888 obtinens:

62 2919 149 2985 neque
162 2927 284 2986 mquam
298 2913 362 2987 plus
374 2912 429 2969 tibi
441 2912 499 2970 fuit
511 2913 544 2970 in
555 2906 624 2971 e'um
633 2909 719 2984 juris,
733 2914 821 2990 quam
835 2912 878 2968 illi
889 2912 921 2967 in
933 2918 973 2968 te.
994 2903 1098 2967 subdi-
1118 2910 1193 2966 1105

10 3018 14 3028 ·
63 2988 103 3043 ltu
110 2987 176 3045 aliis
185 2989 243 3046 huc
252 2990 398 3066 appulisti,
409 3008 469 3049 non
479 2992 611 3049 omnium
622 2993 691 3057 dux,
702 3000 738 3050 ut
746 2988 830 3063 Ajaci
841 3008 955 3067 quoque
964 3006 1099 3064 praesses

10 3083 15 3120 ι
60 3078 193 3143 uuquam.
234 3068 290 3145 Sep
304 3069 407 3147 quibus
423 3071 559 3147 imperas,
573 3071 695 3146 impera,
710 3078 739 3127 et
752 3087 801 3126 eos
813 3070 919 3126 severis
931 3064 1098 3141 hujusmodi
1187 3123 1191 3135 ,

10 3160 15 3198 r
60 3140 138 3202 dictis
148 3145 285 3222 increpa:
301 3148 469 3212 honorem,
483 3149 589 3208 sivetu
601 3162 689 3215 vetes,
700 3152 760 3206 sive
772 3149 833 3206 dux
844 3148 893 3205 ille
905 3145 988 3213 alter,
1000 3148 1057 3204 rite
1067 3154 1097 3202 et

59 3229 88 3279 ut
98 3222 142 3281 iss
153 3233 211 3290 est,
223 3226 347 3284 condem
360 3246 417 3305 ego
428 3228 572 3305 sepulcro,
585 3229 680 3286 minas
693 3228 770 3285 haud
783 3228 891 3284 veritus
903 3234 977 3283 tuas.
1015 3225 1103 3282 Neu?
1116 3227 1194 3280 1110

58 3300 165 3378 tiquam
177 3303 259 3362 enirn
270 3314 330 3364 tuae
342 3304 477 3385 conjugis
490 3324 563 3384 ergo
575 3308 719 3375 militavit,
732 3316 767 3366 ut
777 3306 934 3384 qui'labori
946 3317 1097 3379 parcentes

57 3376 125 3451 nulli
137 3390 256 3457 merent
267 3385 421 3460 stipendia,
434 3386 484 3443 sed
494 3383 685 3460 jurisjurandi
698 3403 778 3464 ergo,
790 3402 849 3461 quo
859 3392 923 3442 erat
931 3385 1095 3448 obstrictus,

58 3466 103 3516 tus
114 3464 187 3517 vero
198 3463 295 3538 gratia
306 3481 500 3543 nequaquam.
539 3465 635 3523 Nihili
647 3466 727 3523 enim
740 3465 895 3542 pendebat,
908 3465 933 3520 si
943 3460 1007 3538 quis
1020 3470 1096 3526 esset

10 3575 12 3583 ·
55 3538 161 3597 nullisne
170 3542 367 3615 pretiihomo.
387 3544 514 3602 Proinde
523 3545 665 3619 plurimos
676 3551 772 3603 tecum
782 3544 929 3600 adducens
938 3558 1094 3616 praecones,
1114 3538 1190 3597 1115

54 3615 204 3695 ipsumque
217 3620 433 3696 imperatorem,
447 3624 504 3680 huc
516 3625 600 3682 venis
615 3631 697 3681 tuam
711 3641 779 3680 vero
792 3621 1038 3699 vaniloquentiam
1050 3622 1097 3678 1ιί-Ι

56 3694 220 3764 bilmoror,
233 3700 515 3779 quamdiuesisqui
528 3720 568 3761 es.
744 3770 746 3775 ,

42 3824 48 3834 .
88 3774 156 3867 qil.
176 3775 241 3836 Nec
260 3796 359 3837 rursus
380 3780 482 3856 probo,
496 3781 518 3837 si
533 3781 597 3858 quis
617 3782 649 3839 in
668 3781 780 3840 afflictis
801 3780 888 3837 rebus
900 3769 979 3836 'tales
997 3779 1096 3843 fundit

10 3908 12 3921 ,
50 3871 216 3912 sermones:
238 3856 312 3916 dura
323 3860 414 3935 enim,¹
423 3860 584 3938 quamlibet
596 3878 631 3916 ea
638 3857 719 3934 justa
731 3861 800 3925 siut,
813 3858 958 3916 mordent.
1144 3892 1147 3898 ·

85 3932 192 3992 ΜΕΝ.
213 3935 387 4013 Sagittarius
399 3938 447 3996 bic
459 3945 520 3995 non
532 3940 654 3997 humilia
666 3940 781 3996 videtur
792 3940 908 3997 sentire.
1113 3935 1191 3997 1120

87 4011 210 4071 TEUC.
229 4015 347 4092 Nempe
359 4018 437 4075 haud
449 4015 596 4076 sordidam
608 4027 702 4076 artem
714 4035 844 4075 exerceo.

87 4088 194 4149 MEN.
214 4094 296 4152 Altos
308 4113 437 4153 sumeres
449 4097 614 4175 spiritua-si
627 4097 682 4154 tibi
692 4105 808 4155 scutum
819 4094 921 4163 liceret
932 4097 1017 4158 fene.

85 4166 210 4229 TEUC.
228 4172 334 4231 Nudus
346 4175 435 4233 etiam
446 4170 735 4235 suffecerim'armato
748 4176 810 4233 tibi.

64 4320 68 4325 Ι
86 4246 192 4307 ΜΕΝ.
212 4249 396 4330 linguatus
409 4255 521 4312 animos
534 4261 613 4311 certe
624 4263 746 4331 magnos
758 4255 820 4313 alit.
1045 4324 1048 4329 ,
1094 4280 1096 4283 ·

81 4320 208 4386 TEUC·
228 4328 430 4406 Qumjostttis
436 4333 522 4393 cuim
533 4333 636 4390 tollere
648 4335 762 4393 animos
772 4334 862 4402 lieet„
1047 4366 1052 4374 ι
1115 4329 1194 4402 nus

135 4425 283 4483 romu.
452 4502 456 4511 Ι
563 4408 657 4487 ss*
