2776 4882
234 254 300 333 252
399 301 404 307 -
667 259 892 329 ELECTRA.

162 443 220 498 615
236 437 293 493 tis?
315 435 362 494 An
375 432 428 492 tibi
450 446 511 491 non
524 431 638 493 videtur
650 437 731 495 omni
751 433 883 512 projecto
894 434 1007 513 pudore
1027 436 1147 516 quodvis
1166 452 1279 501 susm

235 516 367 574 minus?
995 558 998 564 .

275 593 338 651 nh.
358 592 400 651 Et
420 609 500 650 nune
522 591 650 668 quidem,
672 595 839 657 nenessitas,
852 594 960 653 horum
972 614 1020 653 me
1039 596 1141 671 pudet,
1153 598 1209 655 etsi
1220 597 1285 655 tibi

236 691 317 730 secus
337 672 468 728 videtur:
500 668 692 748 intelligoque
712 690 800 749 quam
822 675 903 729 atati
924 692 997 732 meae
1022 674 1187 752 incongrue
1207 677 1285 740 sint,

164 835 224 890 620
237 750 1283 911 liiddht'ihpiidii‘iiniidihliginidmssbimaiilh'li
1312 905 1315 909 ,

240 909 319 967 enim
333 907 430 982 turpia
443 907 593 965 donentur.

278 986 393 1046 CLYT.
414 988 442 1043 0
455 986 547 1043 bestia
567 984 731 1061 impudens,
743 1003 782 1044 an
794 1000 851 1064 ego
871 993 911 1054 te,
925 995 955 1045 et
974 1007 1040 1048 mea
1051 989 1140 1058 diota,
1151 997 1185 1051 et
1202 985 1282 1049 iacta

240 1085 305 1126 mea
318 1065 489 1123 maledicere
501 1065 634 1140 cogunt?
1255 1108 1261 1119 .

166 1153 224 1208 625
277 1144 340 1203 ΕΒ.
359 1145 406 1200 Tu
418 1145 480 1219 ipsa
492 1142 649 1208 maledicis,
661 1160 723 1201 non
734 1161 809 1220 ego:
825 1145 931 1222 quippe
944 1154 977 1204 tu
987 1154 1083 1223 patras
1095 1148 1171 1205 faeta
1181 1172 1190 1219 i
1205 1144 1266 1206 fact

239 1232 339 1283 autem
350 1223 434 1280 facile
444 1223 530 1279 verba
542 1223 702 1283 inveniunt.
1162 1266 1165 1275 .

280 1301 395 1361 CLYT.
416 1302 462 1359 lte
474 1321 521 1359 me
533 1302 654 1375 sospitet
665 1300 773 1367 Diana,
786 1308 821 1358 ut
832 1320 932 1378 poenas
948 1299 1036 1376 hujus
1048 1304 1178 1364 audacie
1188 1303 1284 1373 debu,

241 1382 372 1440 simulac
386 1380 539 1456 AEgisthus
552 1379 673 1437 domum
685 1379 813 1438 redierit.
1169 1430 1173 1446 ,

280 1460 344 1519 EL.
365 1459 485 1517 Viden'?
508 1476 586 1515 nune
598 1459 642 1514 ira
663 1458 835 1525 incenderis,
856 1464 1009 1537 pbstquam
1031 1461 1106 1519 mihi
1124 1461 1285 1538 permisisti

241 1536 338 1599 dicem
352 1557 416 1613 quae
430 1539 541 1603 vellem,
557 1554 609 1592 nec
625 1537 700 1609 potis
713 1552 743 1593 es
756 1537 866 1594 audire.
954 1531 962 1549 ³

144 1628 146 1633 ’
169 1626 229 1680 630
283 1617 396 1690 CLYT.
417 1617 486 1673 Non
506 1634 577 1692 ergo
599 1615 674 1672 maie
695 1617 839 1682 eminetis,
863 1635 982 1691 parcens
1000 1618 1174 1681 clamoribus
1204 1621 1286 1679 sines

243 1716 291 1756 me
303 1696 458 1833 panqqille
471 1695 536 1752 Diis
558 1711 639 1751 sacra
650 1695 754 1762 faeere,
767 1697 906 1770 quoniam
919 1698 1009 1755 semel
1022 1697 1075 1755 tibi
1089 1698 1206 1774 permisi
1220 1714 1288 1757 om·

244 1794 295 1834 me
355 1792 403 1831 ur.

269 1794 355 1912 aff
367 1853 447 1917 Sino,
461 1846 562 1922 jubeo,
574 1851 713 1918 sacrifiea,
732 1869 826 1929 neque
845 1853 963 1927 posthac
985 1872 1016 1910 os
1041 1871 1141 1912 meum
1161 1855 1283 1928 incure,

245 1933 319 1991 nihil
331 1932 410 1989 enim
423 1930 503 1987 ultra
514 1930 625 2006 loquar.
911 1951 914 1968 ·

172 2022 230 2076 635
285 2010 400 2069 CLYT.
413 2007 493 2067 affer
501 2004 565 2081 jam
578 2016 622 2073 tn,
636 2027 701 2085 quae
713 2008 780 2066 ades
797 2009 915 2075 famula,
928 2010 1120 2086 omnigenum
1132 2011 1287 2071 fructum

244 2090 393 2155 libamina,
415 2105 473 2165 quo
498 2096 564 2143 vota
586 2087 653 2144 huie
673 2087 740 2144 Deo
759 2087 882 2145 fundam
906 2087 1092 2163 discutiendis
1113 2092 1287 2159 terroribus,

246 2169 350 2246 quibus
376 2185 454 2226 nune
485 2167 590 2242 agitor.
629 2165 706 2223 Audi
731 2162 806 2238 jam,
834 2167 938 2242 Apollo
959 2167 1113 2248 Tutelaris,
1142 2176 1289 2229 secretam

245 2266 342 2307 meam
355 2264 486 2323 precem:
509 2246 660 2302 nonenim
681 2245 759 2303 inter
770 2246 877 2303 amicos
896 2263 992 2303 sermo
1011 2255 1064 2309 est,
1078 2265 1172 2325 neque
1184 2250 1290 2307 omnia

172 2333 232 2387 640
249 2327 345 2402 palam
359 2326 484 2384 revelare
496 2325 640 2389 convenit,
653 2340 744 2399 prope
757 2325 811 2382 hac
828 2323 960 2383 adstante
972 2325 1062 2395 mihi3
1084 2343 1121 2383 ne
1133 2327 1202 2384 odio
1214 2344 1288 2385 eon·

248 2407 345 2473 citata,
359 2403 503 2480 petulanti
516 2418 584 2460 eum
596 2403 723 2460 elamore
735 2420 788 2478 per
808 2410 901 2461 totam
921 2403 1025 2461 urbem
1035 2405 1135 2461 inanes
1156 2405 1290 2465 dissemi-

248 2491 300 2542 net
311 2500 459 2542 rumoreez
474 2480 524 2539 sed
536 2482 578 2538 sie
589 2482 695 2556 accipe,
708 2491 743 2540 ut
751 2483 870 2541 occultis
883 2482 975 2540 verbis
988 2483 1042 2539 tibi
1054 2483 1157 2541 diram.
1170 2484 1289 2561 Nempe
1324 2538 1326 2543 .

173 2569 231 2624 645
249 2565 303 2621 bac
316 2570 401 2621 nocte
414 2561 510 2618 oblata
521 2561 652 2636 ancipitis
661 2561 800 2618 insomnii
811 2570 933 2636 spectra.
941 2562 1003 2619 hec
1013 2561 1096 2629 mihi,
1104 2561 1199 2637 leyeee
1208 2562 1290 2630 Rex,

249 2643 275 2699 si
293 2643 387 2699 fausta
409 2638 528 2718 quidem
545 2637 605 2695 visa
627 2646 706 2704 sunt,
726 2639 772 2696 iac
791 2651 872 2709 rata3
893 2640 938 2696 sin
958 2640 1085 2707 adversa,
1105 2641 1233 2699 inimicia
1250 2660 1291 2701 ea

249 2721 415 2778 transmitte
427 2726 523 2776 retro:
537 2722 567 2773 et
577 2733 624 2783 ne,
634 2719 659 2773 si
672 2717 721 2793 qui
732 2724 850 2775 struunt
862 2717 987 2785 insidiae,
998 2727 1032 2776 ut
1041 2737 1089 2777 me
1098 2720 1291 2795 presentibus

175 2803 235 2858 650
251 2799 354 2875 opibus
366 2805 506 2863 evertant,
529 2795 560 2852 id
574 2794 637 2852 fieri
658 2797 754 2853 sinas:
782 2796 834 2855 sed
851 2798 892 2854 sie
906 2815 953 2854 me
975 2815 1089 2872 semper
1109 2799 1290 2893 implumem

251 2877 395 2943 colentem
409 2877 508 2941 vitam,
521 2874 689 2931 Atridarum
708 2874 828 2933 domum
841 2886 1010 2953 sceptraque
1023 2877 1085 2934 haee
1097 2893 1200 2954 regere
1218 2895 1291 2936 eon·

251 2956 330 3022 cede,
343 2971 537 3032 prosperaque
548 2952 667 3011 fortuna
679 2962 811 3030 utentem
824 2956 984 3013 amicorum
996 2954 1054 3012 frui
1067 2956 1289 3025 consuetudine,

252 3034 423 3113 quibuscum
436 3050 515 3090 nune
537 3050 698 3096 conversor,
712 3033 938 3109 liberorumque,
953 3035 1004 3111 qui
1025 3035 1098 3091 mihi
1111 3053 1172 3094 non
1184 3036 1291 3095 volunt

177 3115 238 3171 ⁶55
252 3113 338 3181 male,
351 3132 405 3170 nec
421 3112 490 3169 odio
510 3111 625 3169 molesti
644 3119 722 3170 suut.
763 3113 845 3180 Hae,
866 3112 992 3188 dLycee
1010 3113 1126 3188 Apollo,
1145 3115 1292 3190 propitius

252 3191 381 3259 audiens,
394 3191 432 3249 da
444 3190 526 3248 nobis
536 3190 681 3256 omnibus,
695 3191 940 3269 quemadmodum
953 3193 1143 3266 exposcimus.
1183 3194 1292 3253 Cetera

252 3288 321 3328 vero
333 3271 442 3336 omnia,
455 3271 543 3326 etiam
556 3287 604 3327 me
617 3278 740 3336 tacente,
754 3271 887 3328 existimo
898 3279 939 3348 te,
953 3271 1004 3347 qni
1014 3270 1106 3328 Divus
1116 3290 1158 3336 es,
1170 3272 1292 3347 pulchre
1304 3336 1309 3343 ,

211 3360 214 3366 '
253 3367 345 3408 nosse.
384 3351 456 3406 Jove
468 3348 547 3404 enim
558 3359 717 3424 prognatos
728 3357 956 3406 consentaneum
967 3355 1012 3406 est
1024 3351 1123 3408 omnia
1134 3351 1240 3410 videre.

175 3427 239 3507 960
292 3426 556 3563 PAED.deiepes
577 3426 714 3502 hospites,
728 3426 780 3506 qui
801 3434 883 3486 certo
898 3428 996 3495 seiann
1010 3446 1049 3485 an
1069 3429 1132 3488 haee
1153 3430 1192 3489 sit
1212 3430 1291 3513 regis

317 3509 384 3565 'thi
416 3524 499 3565 omus
885 3513 887 3517 '

254 3507 358 3644 Ἢ.
383 3586 456 3645 Herc
468 3591 522 3652 est,
535 3581 554 3640 ὁ
565 3582 669 3659 hospes
679 3607 687 3653 ς
709 3584 770 3673 ipse
782 3582 932 3658 conjecisti
944 3587 1043 3662 probe.

293 3664 397 3723 PAED.
412 3666 459 3725 Aa
470 3665 559 3722 etiam
572 3671 650 3721 recte
662 3664 788 3736 condeio
799 3664 874 3722 hane
886 3684 947 3724 esse
959 3666 1037 3725 illius
1050 3667 1193 3725 uxorem?
1212 3666 1292 3727 Nam

181 3818 239 3873 665
255 3760 365 3880 regg&
376 3744 542 3879 miserias?
552 3821 614 3877 haee
626 3820 687 3896 ipsa
699 3820 753 3879 tibi
764 3821 854 3880 adest.
1319 3881 1326 3889 ,

295 3900 398 3958 PAED.
419 3900 499 3957 Salve
512 3898 660 3974 dragma:
684 3901 737 3958 tibi
748 3907 779 3957 et
790 3899 929 3979 AEgistho
941 3904 1037 3974 ferrens
1048 3903 1172 3963 advenio
1183 3900 1294 3976 jucun·

256 3978 328 4036 dum
342 3980 479 4036 numium
492 3997 509 4034 a
520 3980 583 4034 viro
595 3978 696 4037 audeo.

295 4056 411 4117 CLYT.
430 4057 599 4132 Ampleetor
620 4055 746 4116 dietum:
768 4058 877 4118 discere
894 4066 994 4119 autem
1011 4082 1030 4121 a
1050 4070 1080 4121 te
1092 4062 1221 4139 primum
1242 4078 1295 4121 ω·

257 4136 394 4272 pio'ffi
407 4144 437 4192 te
448 4128 529 4193 mis'it
541 4135 703 4194 hominum.

182 4209 242 4270 ⁶70
257 4214 345 4352 nefus
391 4252 403 4307 .'
422 4214 475 4274 Vir
487 4214 654 4273 Phanoteus
665 4233 702 4277 ex
714 4216 851 4285 Phocide,
861 4234 924 4277 rem
936 4220 1036 4311 magni
1049 4220 1193 4279 momenti
1204 4220 1298 4299 signi-
