2776 4882
504 276 641 347 arax.
976 236 979 241 ’
1030 286 1093 355 roo

54 482 62 495 ·
90 449 165 511 on.
178 450 228 513 Ut
239 450 290 511 dat
301 448 391 518 Deus,
405 451 525 529 quisqpe
536 450 611 509 ridet
624 457 654 508 et
667 448 770 525 plorat.

56 562 61 583 2
95 530 154 587 ΔΙ.
169 530 309 591 viderem
328 549 397 587 eum
417 531 504 588 modo
523 547 622 589 coram
640 537 820 606 presentem,
840 526 967 606 qtramvis
986 527 1028 585 ita
1046 524 1089 585 al·

51 604 174 676 flletus!
196 610 244 667 hei
256 607 344 667 mihi!
1105 613 1165 671 885

97 684 166 745 CH.
185 686 233 744 Ne
246 688 315 766 quid
327 687 403 744 elate
416 686 529 747 dixeris.
568 690 616 745 An
629 684 757 761 refugit,
772 703 830 762 quo
843 701 873 742 es
885 685 917 741 in
925 683 1024 742 malo?

98 764 157 821 AJ-
176 765 205 823 0
228 766 353 841 Jupiter,
374 761 519 835 majorum
542 780 674 823 meorum
696 765 874 841 progenitor,
891 765 1004 820 utinam
1021 778 1088 837 per·

52 848 161 917 empto
171 843 371 921 loquacissimo
390 844 441 901 illo
452 844 545 903 inviso
565 847 733 919 impostore,
744 842 924 919 geminisque
937 841 1001 899 neci
1012 840 1088 897 datis
1104 848 1165 905 390

54 919 188 997 regiona,
201 924 262 997 ipse
273 921 393 979 demum
404 931 530 980 mortem
541 920 694 998 oppetam!

54 1036 58 1041 -
97 996 221 1059 Tuom.
240 1000 365 1064 Quando
383 1001 441 1057 ista
454 1001 630 1075 imprecaris,
642 998 728 1055 simul
740 1005 771 1055 et
789 998 998 1065 mihimortem
1009 1005 1088 1071 opta.

54 1074 141 1139 Quid
153 1078 232 1135 enim
245 1097 292 1135 rue
305 1079 399 1135 rivere
410 1087 535 1153 oportet,
547 1088 577 1135 te
590 1078 726 1135 mortuo?

53 1204 57 1211 .
98 1154 155 1213 ΑΙ.
172 1156 201 1213 0
212 1156 317 1232 caligo,
336 1174 403 1217 mea
414 1157 475 1222 lux,
495 1157 652 1214 otenebrae
666 1155 745 1219 Orci,
759 1171 825 1211 meo
844 1153 961 1229 quidem
979 1152 1087 1220 animo,
1106 1165 1164 1222 395

54 1230 253 1299 lucidimimoe,
266 1235 411 1309 suscipite,
430 1236 564 1310 suscipite
576 1254 623 1291 me
643 1234 778 1298 incolam,
791 1234 925 1306 suscipite
937 1248 994 1289 me.
1028 1228 1058 1287 N
1059 1247 1098 1285 e·-

52 1329 117 1389 .que
132 1313 212 1371 enim
225 1312 366 1377 Deorum,
385 1330 478 1390 neque
496 1315 660 1369 mortalium
670 1329 763 1387 genus
772 1310 880 1367 in'tueri
892 1311 998 1387 dignus
1012 1327 1087 1378 sum,

53 1390 211 1449 inutilium
228 1387 292 1462 jam
312 1391 430 1466 perinde
450 1392 531 1449 mihi.
570 1392 685 1465 Quippe
698 1406 746 1446 me
758 1388 837 1445 Jovis
853 1399 1015 1465 praepotens
1028 1388 1089 1449 tilia
1105 1400 1166 1453 400

56 1468 99 1527 od
111 1485 212 1527 necem
231 1486 321 1545 usque
341 1471 494 1527 excruciat.
533 1471 600 1531 Quo
620 1469 711 1544 igitur
731 1468 918 1542 confugiam?
950 1483 1008 1544 quo
1027 1485 1088 1527 ma·
1123 1464 1125 1469 ’

56 1564 149 1605 neam
159 1548 243 1609 loco?
265 1547 406 1622 siquidem
418 1548 521 1603 occidit
533 1548 653 1621 ultionis
665 1564 729 1621 spes
742 1563 801 1603 una
812 1563 880 1602 cum
893 1546 936 1603 his
947 1546 1025 1603 caesis
1037 1565 1087 1621 pe·
1105 1555 1163 1609 405

59 1624 194 1692 cudibus,
219 1625 372 1701 stultaeque
394 1644 442 1682 me
465 1625 592 1700 applicui
624 1625 785 1680 venationi:
818 1624 883 1680 fieri
914 1641 982 1681 vero
1010 1625 1088 1684 haud

58 1712 167 1779 potest,
180 1705 251 1781 quio
270 1705 328 1761 tela
347 1705 378 1761 in
397 1722 444 1761 me
457 1714 649 1781 contorquens
667 1703 816 1760 unir'ersus
829 1704 970 1760 exercitus
983 1722 1030 1761 me
1043 1707 1089 1764 in-
1191 1712 1198 1733 l

58 1782 196 1841 terliciat.

99 1845 222 1917 Tracti.
242 1859 310 1917 Heu
322 1858 533 1933 memineram!
557 1859 677 1917 Taliane
697 1859 792 1917 uirum
813 1856 977 1919 consultum
998 1860 1089 1939 loqui,
1106 1869 1167 1922 410

58 1939 639 2017 qooeounquamsustinuissctantehac?
776 2006 778 2011 Ι

98 2018 154 2077 AJ.
174 2017 203 2074 0
214 2018 293 2075 fluor
307 2018 338 2073 in
357 2034 436 2075 orare
447 2017 586 2081 labentes,
599 2025 738 2093 antraque
757 2016 912 2081 maritima,
924 2024 955 2072 et
966 2016 1091 2079 litoralia
1143 2072 1150 2079 ..

59 2114 178 2173 pascus,
190 2097 290 2171 longo,
299 2096 388 2170 longo
400 2103 541 2169 tempore,
551 2095 658 2171 diuque
668 2112 715 2150 me
732 2093 894 2151 detinuistis
904 2093 942 2149 ad
954 2094 1071 2167 'frojam
1077 2122 1086 2168 3
1106 2103 1165 2157 415

59 2188 93 2235 at
105 2176 187 2233 euim
195 2191 257 2233 uon
268 2174 392 2246 amplius
404 2174 502 2229 vitales
514 2182 680 2247 carpentem
692 2188 775 2229 auras
788 2174 938 2231 tenebitis:
961 2174 1016 2231 hoc
1027 2176 1090 2251 qni-

57 2271 177 2330 cunque
188 2254 263 2327 sapit
274 2252 355 2311 scito.
394 2251 422 2308 0
435 2252 599 2309 Scamandri
613 2252 707 2308 vicina
724 2251 841 2317 fluenta,
855 2250 993 2311 benevola
1006 2254 1089 2331 Argi·
1107 2259 1168 2313 420

62 2333 115 2399 vis,
125 2331 203 2389 haud
222 2330 345 2405 amplius
356 2329 450 2387 virum
463 2330 541 2387 hunc
553 2329 694 2394 videbitis,
707 2328 832 2404 qualem,
845 2330 1001 2403 superbum
1020 2333 1090 2409 quid

60 2410 167 2473 dicam,
181 2408 327 2477 nemiuem
339 2404 430 2478 Troja
447 2407 478 2464 in
497 2408 625 2465 exercitu
639 2407 709 2464 vidit
721 2415 798 2463 terra
818 2407 979 2481 proiectum
992 2408 1091 2468 Helle·
1106 2412 1164 2468 425

24 2514 33 2535 ·
57 2490 147 2549 nica:
168 2504 247 2545 nunc
256 2503 325 2545 vero
336 2486 527 2547 inhonoratus
539 2486 611 2543 adeo
623 2483 751 2559 abjectus
760 2480 853 2557 jaceo.

101 2566 167 2625 CH.
187 2565 252 2625 Nec
260 2562 311 2642 qui
328 2565 488 2631 cohibeam,
502 2582 555 2621 nec
568 2564 619 2642 qui
632 2575 661 2621 te
674 2564 743 2623 talia
754 2562 849 2621 dicere
861 2564 954 2625 sinam
966 2566 1089 2642 reperio,

61 2652 126 2705 tam
136 2643 273 2721 gravibus
284 2643 465 2717 implicatum
477 2644 567 2701 malis.

99 2724 159 2787 ΑΙ,
177 2722 226 2789 At,
236 2720 281 2780 ai!
307 2720 380 2783 Quis
392 2739 521 2798 unquam
532 2729 660 2796 putasset
671 2721 745 2787 fore,
758 2729 863 2780 uttam
876 2722 1017 2781 concinne
1028 2741 1090 2781 ma·
1104 2724 1166 2781 480

61 2802 99 2863 lia
110 2800 369 2859 meis-conveniret
382 2816 489 2857 nomen
508 2800 628 2859 meum?
662 2799 750 2857 Nunc
771 2801 851 2858 enim
868 2800 959 2868 adest,
972 2818 1026 2861 cur
1048 2801 1090 2863 bis

64 2880 218 2939 inclamaro
230 2888 261 2937 et
273 2885 319 2939 ter
334 2895 366 2937 ar
388 2895 436 2935 sr:
458 2879 546 2935 tantis
558 2878 698 2936 nimirum
713 2895 811 2935 versor
822 2879 854 2936 in
869 2880 960 2938 malis.
999 2876 1090 2953 Cujus

65 2967 146 3037 pater
156 2976 194 3017 ex
206 2958 261 3015 hac
271 2956 335 3033 ipsa
351 2955 429 3014 ldsea
449 2963 537 3022 terro,
549 2956 634 3013 rebus
646 2957 750 3013 eximie
766 2958 854 3031 gestis
865 2974 978 3017 summa
989 2969 1090 3018 nactus
1106 2961 1164 3016 435

10 3106 12 3117 Ι
57 3037 198 3115 -prtemia,
215 3035 337 3097 domum
355 3035 451 3100 rediit,
477 3036 634 3095 maximam
658 3043 808 3109 reportans
838 3035 972 3111 gloriam.
1025 3038 1090 3115 Ego

67 3134 133 3175 rero
156 3114 235 3173 illius
263 3113 349 3180 lilius,
369 3113 419 3188 qui
443 3113 566 3171 eandem
589 3112 627 3170 ad
652 3109 773 3184 'lrojam
795 3114 861 3171 veni
880 3113 958 3171 haud
976 3116 1089 3174 minore
1202 3130 1206 3143 ¹

65 3195 191 3259 roborea
222 3204 316 3266 neque
347 3190 507 3255 minoribus
531 3190 617 3249 rebus
649 3208 751 3247 manu.
768 3192 867 3267 gestis,
898 3193 1089 3253 inhonoratus
1104 3195 1167 3251 440

10 3294 36 3347 ,·
67 3272 179 3351 Argivis
199 3271 241 3329 ite
260 3286 356 3344 pereo,
384 3270 486 3346 ¹Atqui
504 3270 559 3326 hoc
579 3268 681 3326 saltem
704 3287 758 3344 pro
782 3276 862 3327 certo
883 3272 955 3329 scire
981 3272 1087 3330 videor.

10 3353 15 3363 “
68 3352 99 3411 Si
115 3352 196 3409 vivae
220 3348 348 3409 Achilleo
373 3346 410 3405 de
431 3348 491 3405 sois
520 3348 582 3423 ipae
604 3348 692 3406 armis
713 3344 857 3419 judicium
887 3350 1007 3416 tulisset,
1027 3352 1089 3426 pol-

10 3436 12 3441 '
59 3430 189 3491 -roariurn
212 3427 326 3487 virtutis
346 3424 513 3484 addicturus
531 3426 627 3492 alicui,
650 3443 736 3485 nemo
757 3445 792 3485 ea
819 3445 879 3502 prae
898 3445 945 3485 me
969 3428 1090 3505 adeptus
1284 3490 1287 3495 .

16 3546 18 3571 .
62 3508 173 3569 luisset.
210 3504 300 3579 Nunc
311 3522 379 3573 vero
399 3511 503 3562 contra
514 3505 670 3562 machinati
689 3505 888 3573 suntAtridae,
901 3516 935 3562 ut
947 3507 1090 3582 versipelli
1105 3508 1164 3564 44⁵

10 3584 19 3603 ''
61 3603 99 3644 ac
107 3586 246 3645 scelerato
257 3583 370 3651 homini
379 3582 570 3645 traderentur,
583 3582 753 3659 posthabitis
765 3584 907 3658 preclaris
920 3585 991 3641 meis
998 3585 1089 3645 lactis.
1189 3588 1192 3593 '

18 3700 20 3711 ·
63 3664 107 3723 at
116 3665 171 3723 nisi
183 3662 216 3721 hi
234 3662 312 3730 oculi
323 3662 411 3738 atque
427 3668 605 3729 transversus
616 3661 731 3719 animus
743 3662 780 3718 ab
801 3660 926 3737 eoquod
942 3671 1004 3720 erat
1017 3665 1090 3733 mihi

71 3740 212 3801 deaetum
221 3740 413 3809 abenaoenr,
426 3739 504 3807 haud
516 3740 637 3814 amplius
650 3739 693 3795 illi
704 3739 792 3796 talem
805 3740 978 3797 sententiam
990 3749 1091 3800 contra
1105 3742 1166 3798 450

73 3838 239 3899 qtremquam
252 3825 347 3881 essent
362 3818 458 3881 laturi.
496 3818 643 3875 Sedenim
664 3817 789 3875 terrifica
800 3824 831 3873 et
852 3816 993 3878 indomita
1011 3820 1091 3879 iovis

20 3934 23 3943 ·
73 3893 341 3968 illiadextramjam
362 3897 419 3954 illis
437 3914 485 3953 me
506 3898 700 3955 intentantem
711 3896 744 3952 in
761 3913 888 3957 errorem
900 3897 1024 3967 induxit,
1036 3901 1091 3969 im-

74 3980 151 4035 mirso
167 3976 266 4035 funali
287 3974 400 4039 morbo,
421 3992 480 4051 quo
501 3984 592 4040 actus,
605 3958 747 4049 pecudum
766 3974 870 4033 hanrm
891 3975 969 4033 ωδε
987 3994 1091 4041 cruen-

64 4058 124 4115 ravi
147 4072 259 4115 manus.
297 4052 346 4110 Illi
366 4070 434 4115 vero
455 4070 533 4113 nunc
556 4070 604 4110 me
625 4051 756 4120 irrident,
781 4053 879 4127 elapsi,
903 4072 951 4111 me
973 4056 1090 4131 quidem
1106 4053 1165 4119 455

73 4134 163 4193 inrito.
202 4132 260 4191 Sed
272 4131 297 4193 si
319 4130 475 4207 praepediat
488 4131 569 4189 Deos
580 4129 691 4206 aliquis,
704 4134 934 4206 prestantiorem
945 4135 1034 4191 etiam
1046 4135 1090 4210 ig-

71 4228 153 4273 num
164 4212 268 4288 fugiat.
306 4208 401 4281 Nunc
413 4209 506 4287 igitur
527 4209 596 4285 quid
608 4218 724 4284 oportet
742 4227 789 4267 me
810 4210 914 4274 facere,
932 4213 982 4294 qui
999 4212 1092 4278 maui-

65 4288 133 4369 (κιο
150 4291 220 4363 ‚Dos
232 4288 339 4353 invisus
351 4304 426 4355 sum,
447 4304 534 4378 quem
547 4287 609 4357 odit
630 4288 799 4357 urceorum
814 4289 1027 4363 exercitamur
1047 4291 1091 4363 in-
