2776 4882
294 311 359 370 018
668 299 1003 368 PHILOCTETES.

293 476 416 542 socium,
430 475 479 548 qui
492 474 582 539 adest,
596 475 681 531 mitte
693 475 885 549 speculatum,
899 492 936 530 ue
950 476 980 531 in
994 492 1041 530 me
1055 472 1270 549 imprudentem
1291 471 1339 530 in·

272 552 381 610 -cidat
420 551 536 628 Quippe
555 569 649 610 unum
667 570 715 608 me
728 552 810 609 malit
822 552 1012 628 prehendere,
1026 570 1113 629 quam
1125 559 1235 609 ceteros
1247 552 1338 619 Achi-

295 649 345 687 vos
358 647 468 686 omnes.

333 707 479 765 Naorr.
498 705 548 764 En
560 707 610 765 ille
623 707 711 773 vadit,
724 715 756 764 et
766 707 871 765 semita
882 707 1077 777 custodietur;
1096 716 1131 779 tn
1140 725 1219 775 vero,
1232 709 1257 764 si
1266 704 1337 785 quid

294 786 338 843 vis
350 787 437 850 ultra,
449 802 549 842 rursus
560 785 673 861 expedi.

243 870 283 922 50
336 862 453 923 ULYS.
472 862 590 921 Achillis
610 873 688 926 nate,
709 870 824 938 oportet
837 867 877 919 'te
897 864 928 919 in
947 863 1002 929 his,
1017 881 1141 940 quorum
1160 863 1257 940 gratia
1276 863 1338 921 huc

296 943 408 1007 venisti,
418 948 570 999 strenuum
584 960 644 997 esse
658 959 719 997 non
727 942 822 998 solum
835 958 966 1015 corpore,
976 941 1026 997 sed
1038 942 1139 1018 siquid
1150 958 1270 1006 novum,
1281 956 1338 999 nec

295 1032 365 1077 aare
376 1020 508 1077 auditum
520 1019 583 1084 tibi,
595 1019 705 1084 audias,
718 1020 882 1076 micistrare
895 1019 927 1076 in
939 1036 985 1085 eo,
998 1020 1043 1076 uti
1055 1020 1188 1077 minister
1199 1018 1276 1078 ades.

335 1096 481 1154 NEOPP.
501 1097 581 1159 Quid
593 1113 665 1172 ergo
673 1093 779 1167 jubes?

243 1177 281 1232 55
335 1174 450 1232 ULYS.
471 1174 608 1232 Meditari
630 1184 660 1231 te
678 1181 795 1250 oportet
820 1174 872 1251 qni
894 1175 1062 1232 Philoctetae
1087 1174 1219 1232 animum
1241 1174 1340 1231 verbis

296 1253 379 1311 fallas
397 1252 533 1311 subdolis.
571 1252 699 1314 Quando
718 1262 748 1308 te
767 1253 892 1329 rogabit,
906 1254 969 1328 quis
988 1271 1029 1318 cs,
1049 1260 1080 1308 et
1098 1252 1177 1308 unde
1196 1252 1275 1318 ades,
1289 1252 1338 1309 dic

295 1332 390 1389 filium
403 1340 433 1387 te
445 1349 505 1387 esse
518 1331 656 1388 Achillis:
679 1333 735 1387 boc
748 1331 827 1387 enim
839 1331 931 1387 celare
945 1331 1022 1386 haud
1039 1348 1154 1386 necesse
1173 1339 1233 1386 est:
1255 1333 1338 1389 navi-

295 1427 366 1485 gare
378 1416 477 1475 autem
490 1416 519 1464 te
532 1409 664 1474 domum,
677 1408 791 1465 deserto
809 1409 901 1465 navali
913 1410 1089 1465 Achivorum
1109 1408 1248 1473 exercitu,
1263 1424 1338 1483 quos

243 1490 283 1544 60
297 1490 428 1562 impense
440 1486 544 1552 oderis,
559 1485 607 1563 qui
620 1493 771 1563 postquam
785 1496 814 1542 te
829 1487 1006 1560 supplicibus
1026 1485 1157 1561 precibus
1176 1488 1346 1544 arcessivis.

296 1572 362 1622 sent
381 1565 480 1630 domo,
494 1567 561 1640 quia
580 1564 612 1620 iu
631 1574 661 1621 te
680 1581 741 1620 uno
759 1565 815 1620 sita
833 1564 890 1621 illis
909 1582 973 1639 spes
986 1572 1060 1621 esset
1072 1560 1204 1639 capiendi
1216 1564 1275 1629 llii,
1288 1583 1339 1621 ve-

296 1642 392 1701 'nienti
404 1650 503 1699 tamen
515 1641 592 1699 haud
604 1641 718 1719 dignati
729 1643 787 1697 sint
801 1643 853 1698 tibi
865 1642 986 1699 Achillis
996 1660 1080 1699 arma
1090 1641 1168 1705 dare,
1183 1661 1248 1718 qnae
1265 1638 1340 1714 jure

243 1725 282 1780 65
297 1728 350 1778 tuo
370 1727 491 1797 peteres,
507 1719 601 1794 Ulyssi
613 1737 682 1776 vero
702 1719 873 1777 tradiderint
892 1739 943 1789 ea3
965 1720 1108 1795 simulque
1127 1720 1159 1776 in
1171 1738 1219 1777 me
1230 1719 1289 1786 dic,
1301 1730 1340 1777 ut

298 1798 384 1865 voles,
398 1797 539 1875 quidquid
558 1796 656 1872 probri
674 1803 706 1853 et
724 1796 869 1854 maledicti
889 1807 951 1865 cst,
974 1816 1027 1855 nec
1047 1797 1179 1875 estquod
1197 1796 1267 1863 inde
1287 1815 1339 1871 ure

297 1876 456 1953 quidquam
468 1874 571 1945 ladam
592 1875 648 1932 ista
659 1892 728 1931 vero
741 1876 772 1931 ni
784 1875 895 1939 feceris,
908 1876 1023 1933 Achivis
1036 1875 1172 1933 omnibus
1191 1890 1341 1941 aerumnas

189 1997 198 2011 .
296 1953 431 2027 conficies
443 1970 553 2029 graves.
572 1951 637 2008 Nisi
649 1954 730 2010 enim
741 1948 830 2026 hujus
839 1971 922 2011 arcus
934 1963 963 2010 et
976 1954 1090 2030 sagittae
1101 1955 1263 2028 capientur,
1274 1971 1346 2025 non,

242 2036 285 2096 '70
297 2030 406 2108 poteris
418 2048 547 2107 unquam
565 2047 732 2107 expugnare
752 2030 883 2087 Dardani
902 2032 1013 2089 urbem.
1053 2030 1139 2088 Disce
1158 2042 1269 2099 autem,
1281 2048 1341 2099 cur

271 2122 274 2127 ·
297 2110 370 2168 mihi
380 2109 498 2186 quidem
513 2125 573 2165 non
584 2108 823 2174 liceat,.tibivero
834 2109 928 2166 fassit
941 2109 1065 2167 fidenter
1076 2125 1107 2165 et
1120 2117 1186 2165 tuto
1196 2126 1266 2167 cum
1279 2110 1341 2169 boc

209 2214 215 2225 ·
295 2189 360 2253 viro
371 2188 504 2264 colloqui.
523 2186 571 2243 Tu
580 2184 698 2262 quidem
711 2187 863 2263 navigasti,
872 2188 983 2245 nemini
992 2182 1164 2258 juramento
1170 2186 1340 2255 obstrictus,

296 2283 392 2342 neque
409 2284 445 2322 ex
465 2266 643 2330 necessitate,
662 2282 716 2321 nec
737 2267 839 2340 primm
859 2265 1051 2340 expeditionis
1070 2266 1213 2341 particeps
1232 2264 1340 2323 fubri:

242 2344 282 2406 75
298 2345 405 2401 horum
416 2350 516 2401 autem
523 2342 596 2399 nihil
605 2353 648 2399 est
658 2342 842 2400 imtitiandum
853 2345 934 2401 mihi.
954 2344 1061 2408 Quare,
1071 2345 1096 2398 si
1105 2341 1215 2417 potitus
1223 2360 1342 2411 mcum,

298 2440 347 2479 me
360 2421 457 2488 adesse
469 2420 600 2485 senserit,
613 2421 696 2495 perii,
708 2434 739 2477 et
751 2426 781 2477 te
794 2420 882 2477 simul
894 2439 1009 2478 mecum
1023 2420 1152 2496 perdam.
1191 2421 1341 2489 Quocirca

243 2548 249 2565 .
297 2499 400 2558 callide
413 2498 594 2557 comminisci
605 2497 702 2566 debes,
715 2497 765 2575 qui
777 2499 858 2556 furto
869 2500 983 2557 auferas
1001 2499 1110 2559 invicta
1126 2516 1216 2556 arma.
1257 2498 1341 2561 Novi

242 2582 283 2636 80
298 2578 434 2656 equidem
453 2584 483 2633 te
502 2593 564 2635 non
582 2593 643 2634 esse
661 2593 704 2644 eo¹
716 2575 836 2653 ingenio
855 2585 969 2642 natum,
989 2583 1024 2634 ut
1041 2576 1113 2637 falsa
1130 2576 1268 2653 loquaris,
1283 2586 1342 2647 aut

296 2654 366 2713 dolo
387 2663 481 2712 suum
502 2654 553 2710 alii
572 2654 692 2712 malum.
730 2655 771 2711 At
791 2662 889 2713 tamen
905 2652 1040 2727 jucunda
1057 2672 1104 2727 res
1122 2666 1165 2711 est
1185 2655 1347 2731 victoriani

198 2778 201 2791 .
297 2732 426 2807 adipisci.
464 2730 565 2789 Ande:
583 2727 659 2803 justi
675 2748 743 2789 vero
764 2740 830 2808 post
849 2749 948 2790 rursus
969 2734 1086 2790 erimus.
1124 2730 1213 2807 Nunc
1235 2732 1340 2797 autem

258 2878 263 2889 ·
297 2808 335 2867 nd
346 2806 434 2883 hujus
446 2808 504 2866 diei
516 2815 629 2885 partem
640 2797 777 2886 exissuam
796 2810 835 2868 da
853 2818 883 2867 tc
901 2811 976 2871 mibi
994 2810 1195 2887 impudentem
1204 2835 1213 2881 ς
1235 2819 1267 2869 et
1284 2810 1343 2875 de-.

242 2888 281 2944 85
297 2887 366 2947 inde
377 2888 522 2965 reliquum
534 2895 650 2963 tempus
661 2893 780 2945 vocator
791 2888 1129 2958 omniumsauctissimus
1141 2888 1325 2949 mortalium.

291 2988 307 3037 '.
337 2965 481 3039 NEOPP.
501 2965 569 3043 Ego
581 2982 660 3032 vero,
673 2964 789 3025 Iae‘rtis
801 2966 852 3029 iili,
866 2966 943 3024 dicta
955 2985 1020 3045 quae
1036 2982 1098 3023 non
1115 2965 1203 3025 audio
1221 2966 1338 3027 lubenti

297 3044 406 3110 animo,
426 3042 528 3100 eadem
548 3044 665 3122 exsequi
683 3042 763 3102 haud
784 3043 880 3103 minds
902 3044 960 3102 odi.
1001 3040 1068 3103 Hoc
1090 3045 1170 3103 enim
1188 3062 1211 3103 ι
1230 3053 1338 3111 neutra

297 3122 401 3189 habeo,
414 3129 447 3183 ut
460 3122 534 3187 nibil
546 3121 582 3179 de
595 3118 704 3180 insidiis
716 3138 814 3199 agam,
827 3139 923 3201 neque
935 3139 1000 3199 ego,
1015 3138 1120 3199 neque,
1132 3129 1166 3181 ut
1178 3122 1342 3201 aiunt„qui'

242 3206 283 3261 00
297 3218 344 3258 me
364 3200 468 3276 genuit
487 3200 578 3283 pater.
618 3198 674 3273 Sed
694 3208 811 3275 perstate
830 3218 896 3265 sum
910 3202 1003 3257 virum
1016 3201 1043 3256 ri
1061 3198 1213 3277 abducere,
1225 3209 1257 3259 et
1273 3220 1337 3261 non

297 3278 381 3336 dolis.
400 3275 405 3284 '
420 3275 492 3333 Non
511 3278 591 3334 enim
607 3277 659 3334 ille
678 3276 796 3337 claudus
811 3278 903 3351 altero
914 3277 987 3355 pede
1000 3295 1053 3335 uos
1066 3285 1150 3335 tanto
1162 3276 1348 3343 valentiores¹

296 3359 325 3413 vi
337 3356 483 3413 devicerit.
521 3354 631 3412 Missus·
647 3355 782 3431 equidem
802 3362 898 3413 tecum
910 3365 945 3412 ut
958 3351 1084 3427 adjutor,
1098 3354 1190 3414 nolim
1202 3356 1338 3433 proditor

243 3437 281 3493 95
298 3434 401 3492 vocari.
426 3431 509 3489 Malo
521 3441 631 3498 autem,
644 3436 663 3491 0
675 3450 738 3498 rex,
749 3434 872 3491 honesta
882 3432 1016 3493 faciendo
1027 3452 1078 3509 spe
1090 3432 1233 3501 excidere,
1245 3434 1337 3513 quum
1363 3466 1384 3507 ·¹

298 3514 376 3586 turpi
389 3511 467 3569 facto
479 3511 539 3567 voti
551 3528 669 3585 compos
679 3510 752 3569 lieri.
794 3572 797 3577 ,
1287 3528 1310 3545 ··

314 3624 317 3629 -
338 3586 452 3659 ULYs.
473 3588 696 3665 Optimilpatris
716 3585 768 3654 lili,
782 3594 812 3645 et
824 3585 1018 3663 ipsc,juvenis
1031 3606 1122 3666 quum
1140 3590 1336 3659 assemdim,

216 3659 221 3669 ⁴
255 3706 261 3721 .
296 3669 430 3753 lingarum
442 3666 559 3753 quidem
570 3668 705 3753 otiosam,
718 3682 839 3741 manum
851 3685 920 3724 vero
929 3666 1073 3731 habebam
1085 3666 1123 3725 ad
1134 3683 1225 3743 opera
1234 3685 1336 3745 pm

257 3742 396 3820 “ptam:
419 3762 497 3803 nunc
510 3753 618 3811 autem,
632 3763 665 3802 re
676 3754 825 3821 perspecta
837 3752 868 3801 et
886 3745 1044 3819 explorata,
1056 3744 1140 3821 video
1158 3746 1238 3805 inter
1255 3764 1349 3821 mm,

297 3823 371 3879 tales
382 3823 514 3957 linpqam
527 3840 671 3889 esae‚·non
683 3840 780 3899 opera,
794 3841 860 3902 quse
872 3823 971 3880 omnia
981 3823 1135 3899 gubernet
1326 3836 1332 3845 ·

225 3903 283 3958 100
336 3899 422 3959 NEO
475 3900 600 3961 .Qtiid'
624 3890 683 3959 'tu'r
694 3900 773 3958 aliud
785 3919 833 3959 me
840 3898 937 3975 jubes,
950 3919 1037 3980 quam
1050 3900 1191 3959 mentiri?
1249 3906 1252 3915 '

309 3974 316 3995 “
336 3974 453 4036 ULYS.
474 3978 534 4033 Aio
543 3978 725 4035 Philocteteo
737 3978 810 4035 dolo'
817 3976 871 4035 tibi
883 3978 1058 4053 capiundum
1070 3995 1139 4036 essa

251 4114 254 4121 ,
336 4055 483 4117 ΝΕΟΡΤ.
503 4056 565 4113 Cur
577 4055 644 4113 dolo
656 4058 762 4131 potius,
777 4074 864 4133 quam
877 4055 1075 4131 persuadendo
1087 4052 1278 4129 abducami'¹
1342 4052 1346 4057 ’

335 4132 451 4193 ULYS.
472 4131 562 4191 Haud
573 4132 807 4208 persuadebitur:
830 4134 967 4202 viantem
979 4151 1082 4209 capere
1094 4151 1231 4215 nequeas.

328 4210 481 4269 Nuorr.
500 4210 593 4269 Estne
604 4210 649 4268 illi
662 4216 789 4291 mutum,
801 4227 860 4289 qno
872 4211 1009 4278 confidat,
1021 4210 1130 4272 robur?
1155 4248 1158 4252 »
1252 4208 1257 4217 “

225 4293 281 4351 105
308 4285 649 4381 [Ulisi-*illim
660 4288 1036 4378 sagittm,letutnierentes0
1107 4324 1123 4375 1-
1219 4286 1224 4293 ’
