2776 4882
304 247 371 313 ‘llo
664 248 853 325 OEDlPUS
877 248 990 318 REX.

305 425 374 482 dem
390 418 551 489 mortuum,
568 426 754 501 antiquorum
776 420 1179 503 congressuummernoriani
1200 414 1351 501 repellenti

304 504 384 560 unde
397 506 421 560 is
434 510 525 568 ortus,
538 522 556 560 a
568 522 626 578 quo
645 505 775 578 periisset
795 507 865 580 ipse,
878 524 908 561 se
922 515 1045 562 matrem
1063 503 1230 579 relinquens
1240 507 1347 579 suopte

297 583 367 657 ¹lilio
385 583 512 639 infandis
532 583 641 656 nuptiis
663 584 823 657 parituram
845 580 966 652 liberos;
987 582 1204 658 deploravitque
1224 580 1354 639 lacuum

220 672 298 729 1250
305 660 356 717 ubi
376 661 484 737 duplici
503 661 613 736 flagitio
626 679 663 717 ex
679 662 785 718 marito
801 663 949 726 maritum,
963 662 1123 738 liberosque
1135 678 1172 716 ex
1184 660 1347 738 libarisfpe·

304 739 433 815 perisset.
460 738 531 801 'Quo
544 756 611 794 vero
623 738 727 795 deinde
740 740 828 797 modo
840 742 967 815 perierit,
981 741 1087 797 nescio.
1116 738 1253 797 Clamore
1263 735 1355 795 eninr

304 818 530 893 magnoirmpit
543 818 678 892 OEdipus‚
691 817 729 873 ob
742 836 829 894 quem
847 835 907 876 non
926 819 1009 875 licuit
1027 817 1104 874 illius
1122 818 1284 893 inspectare
1296 826 1349 873 cn·

220 907 296 963 1255
304 913 386 953 sum:
407 896 499 953 sedin
511 897 606 971 ipsum
620 897 676 953 huc
688 896 758 953 illuc
769 897 957 954 cursitantem
969 896 1068 954 oculos
1078 896 1266 971 intendimusg
1284 894 1349 972 lsi·

304 984 375 1049 petu
388 977 468 1032 enim
484 966 640 1040 ferebatur,
654 992 707 1031 nos
720 992 825 1052 rogans
838 985 872 1033 ut
883 975 1012 1055 gladium
1025 974 1080 1031 sibi
1092 975 1237 1039 daremus,
1249 980 1281 1031 et
1293 971 1348 1030 ubi

304 1049 462 1130 conjugem
481 1050 722 1129 non-conjugem,
737 1063 958 1131 maternumque
974 1054 1116 1111 invenirer
1128 1054 1280 1129 geminum
1298 1064 1349 1108 ar·

305 1148 375 1189 vum
385 1133 488 1208 suique
500 1141 530 1188 et
541 1132 709 1188 liberorum.
748 1133 868 1191 Furenti
881 1143 980 1190 autern
996 1132 1134 1189 indicavit
1148 1131 1228 1188 Deus
1240 1130 1350 1187 assub

214 1215 300 1276 1260
306 1210 369 1287 quis
376 1233 385 1281 3
408 1210 505 1268 nullus
518 1211 596 1267 enim
609 1210 683 1267 dixit
694 1210 783 1268 homo
795 1204 897 1269 eorum
907 1212 958 1288 qui
971 1211 1124 1268 aderamus
1131 1208 1184 1267 illi.
1203 1206 1348 1266 'litmillo

259 1360 263 1367 ²
305 1287 487 1359 horribiliter,
494 1290 666 1354 exclamans,
680 1300 768 1356 recta,
783 1300 920 1368 tanquam
933 1287 958 1346 si
971 1291 1046 1346 riam
1057 1290 1130 1365 quis·
1138 1286 1348 1369 praemonstra·

235 1389 238 1395 ¹
305 1376 360 1433 ret,
371 1369 503 1443 geminas
515 1368 592 1425 fores
604 1369 727 1425 insultat
737 1369 870 1434 calcibus,
882 1368 1071 1444 funditusque
1079 1368 1175 1424 evellit
1187 1367 1347 1423 cavaclarr·

304 1454 376 1511 stra,
384 1452 473 1523 atque
486 1447 517 1503 in
527 1445 691 1503 cubiculum
699 1447 794 1513 irruit,
803 1448 853 1505 ubi
864 1447 983 1504 demum
993 1447 1194 1520 ‹mnspeximus
1202 1440 1355 1527 pensilem¹

219 1531 296 1589 1265
305 1524 466 1591 mulierem,
478 1524 624 1581 tortilibus
635 1526 795 1598 suspendiis
808 1526 985 1601 implicitam.
1016 1525 1068 1581 lllc
1081 1541 1148 1581 vcro
1160 1523 1211 1580 ubi
1223 1538 1289 1581 eam
1303 1525 1349 1581 vi·

264 1616 266 1621 ’
304 1600 365 1669 det,
377 1603 556 1661 horrendum
569 1603 727 1660 infremens
739 1605 835 1671 miser,
848 1622 1016 1680 suspensam
1029 1604 1129 1661 restim
1139 1602 1267 1677 expedit.
1286 1600 1349 1660 Sc'd

304 1691 457 1759 postquam
470 1684 575 1740 misera
586 1682 669 1739 humi
681 1690 825 1756 prostrata
837 1680 940 1755 jacuit,
953 1684 1016 1739 visu
1028 1682 1177 1739 horribilia
1189 1674 1349 1739 conmculn

303 1769 382 1816 sunt.
420 1760 555 1836 Namque
577 1761 681 1817 auulsis
703 1762 740 1819 ab
760 1762 835 1819 illius
848 1761 1032 1818 stola'aureis
1048 1760 1143 1817 libulis
1160 1758 1347 1837 quibussub·
1372 1760 1375 1765 '

219 1834 380 1909 monera
399 1845 472 1902 erat,
496 1839 560 1895 illas
582 1839 717 1898 attollens
746 1842 898 1897 oculorum
924 1841 1007 1897 orbes
1031 1839 1087 1895 sibi
1107 1837 1247 1902 confodit,
1272 1838 1351 1897 talin

304 1915 420 1973 dicens:
441 1919 505 1973 illos
527 1921 687 1992 neutiquam
701 1921 867 1977 uisuros‘aec
884 1936 944 1994 quae
958 1936 1055 1993 puseus
1068 1924 1145 1983 esset,
1159 1935 1208 1974 nec
1219 1934 1281 1990 quoe
1291 1916 1353 1992 μὲνΙ

306 2001 405 2051 trassel
417 1997 501 2061 mula,
515 1999 563 2052 scd
583 1997 699 2056 tenebris
719 2015 818 2055 mersos
836 2001 867 2054 in
886 2005 1036 2072 posterum,
1050 2013 1116 2069 quos
1132 2014 1188 2052 nou
1204 1992 1351 2069 oportent,¹

22 2142 28 2160 ·
135 2055 138 2059 7
217 2066 296 2142 1275
304 2076 420 2140 visuros,
434 2092 553 2148 quosque
573 2084 682 2150 cuperet
703 2082 769 2154 ipse,
787 2093 842 2134 noo
857 2079 1012 2150 ugrrituros.
1052 2074 1134 2131 Talia
1149 2074 1345 2149 dumimpto·

213 2170 219 2209 .·
303 2161 396 2218 catur,
417 2153 581 2229 ingeminat
600 2154 700 2233 plagas
723 2155 840 2212 elevatis
862 2153 1020 2230 palpebris:
1049 2153 1194 2231 simulque
1212 2164 1351 2215 cruentae

302 2231 420 2307 pupulae
439 2249 528 2307 genas
550 2232 699 2307 rigabantz
730 2250 787 2292 ,nec
808 2251 880 2291 rarae
899 2233 972 2290 lenti
992 2226 1346 2306 sauguinisdistillabant

303 2319 407 2386 guttae,
423 2309 473 2367 sed
494 2318 557 2368 ater
577 2312 770 2388 lacrymarum
791 2311 885 2369 imber
906 2312 1016 2368 cruoris
1033 2311 1136 2367 mistus
1151 2310 1351 2385 grandinibus

166 2456 169 2469 ¹
198 2406 200 2411 ·
220 2388 449 2450 lasoeffluebat.
471 2416 474 2423 >
499 2388 597 2466 Atque
615 2392 672 2448 ista
696 2410 714 2448 a
738 2391 860 2459 duobus,
881 2408 941 2447 non
961 2389 998 2446 ab
1017 2407 1078 2445 uno
1097 2398 1223 2455 tantum,
1243 2398 1368 2447 exorta·

165 2472 168 2477 '
302 2475 373 2525 sunt
396 2468 482 2534 mala,
508 2471 559 2526 sed
582 2471 635 2526 riri
660 2477 691 2526 et
715 2471 813 2528 rixaris
836 2470 988 2525 commista
1012 2468 1168 2524 calamitas.
1215 2467 1346 2545 Antiqua

241 2564 245 2571 ·
303 2553 402 2604 autem
413 2545 535 2603 felicitas
548 2547 617 2604 olim
636 2544 753 2623 quidem
771 2566 840 2604 reru
857 2547 976 2604 nomine
991 2546 1113 2603 felicitas
1126 2546 1348 2621 appellabaturp,

303 2631 335 2681 at
346 2641 425 2681 nunc
438 2624 491 2681 hac
503 2625 565 2700 ipsa
580 2625 626 2682 dic
644 2628 676 2682 in
687 2626 823 2703 gemitus,
836 2627 868 2682 in
880 2643 997 2689 noxam,
1011 2627 1043 2680 in
1063 2633 1199 2690 mortem,
1212 2626 1243 2680 in
1255 2622 1344 2681 dede-

218 2706 297 2767 1285
303 2720 355 2837 lcus
366 2718 504 2837 convepsa
516 2712 578 2759 cst:
599 2706 744 2764 malorum
756 2713 899 2783 quotquot
911 2712 980 2761 sunt
992 2705 1124 2761 omnium
1134 2703 1262 2771 nomina,
1276 2702 1347 2763 nul-

315 2798 365 2838 um
378 2781 454 2837 hica
474 2795 525 2839 est.
1335 2810 1341 2821 ·

144 2887 146 2895 ·
342 2858 626 2919 castanearum
639 2861 727 2920 miser
738 2860 788 2919 ille
801 2863 904 2938 quoin
917 2861 996 2920 malo
1007 2862 1157 2923 versatur?
1216 2905 1219 2909 .

215 2984 218 2993 .
242 2952 244 2957 ’
342 2937 424 2995 ΙΝΤ.
443 2938 561 2996 Clamat
578 2949 613 2996 ut
634 2941 760 2998 claustra
780 2941 956 3005 relaxentur,
980 2948 1067 3017 atqua
1089 2939 1223 2997 ostendat
1240 2939 1347 3017 aliqub

300 3016 439 3074 omnibus
452 3018 555 3075 Cadmi
563 3019 672 3077 civibus
683 3021 767 3079 illum
779 3018 868 3095 patris
878 3020 1044 3083 occisorem,
1054 3019 1137 3076 illum
1148 3019 1353 3076 matris—im·

221 3100 299 3162 1290
304 3096 353 3169 pia
363 3095 495 3172 loquens,
508 3115 561 3154 nec
578 3115 597 3155 a
613 3116 661 3157 me
673 3098 840 3156 referenda:
862 3099 968 3175 quippe
982 3098 1032 3174 qui
1045 3106 1140 3154 certus
1152 3099 1190 3154 sit
1201 3105 1295 3155 semet
1307 3116 1348 3156 ex
1370 3104 1374 3114 '

304 3175 358 3231 hac
371 3183 449 3231 terra
459 3171 573 3246 ejicere,
588 3193 642 3234 nec
653 3177 778 3253 amplius
799 3196 918 3235 manere
938 3177 1028 3242 domi,
1046 3176 1149 3252 quibus
1169 3178 1230 3251 ipse
1246 3194 1278 3232 se
1292 3177 1347 3233 de·

212 3274 221 3297 ··
263 3276 269 3295 ·-
303 3254 393 3320 vovit,
406 3252 476 3309 diris
488 3253 640 3312 obnoxius.
678 3256 797 3314 Auxilio
809 3258 910 3333 ntique
922 3263 953 3310 et
966 3255 1087 3312 ductore
1099 3255 1197 3332 aliquo
1209 3252 1343 3330 indigere

304 3349 373 3388 nam
386 3333 427 3388 vis
439 3332 546 3389 doloris
558 3331 653 3404 major
665 3338 720 3400 est,'
733 3353 821 3412 quam
842 3353 907 3412 quae
916 3335 1042 3397 ¹tolerari
1061 3335 1160 3408 possit.
1198 3333 1347 3394 Ostendet

192 3472 195 3477 .
219 3417 447 3476 1295autcmet
464 3411 534 3468 tibi:
556 3409 644 3483 hujus
656 3411 736 3471 enim
752 3409 851 3482 ‚ianuae
871 3412 1041 3488 panduntur
1053 3412 1193 3469 claustra:
1213 3424 1347 3489 moxque

143 3498 148 3505 ·
301 3489 500 3563 spectaculum
513 3489 620 3548 videbis
632 3488 786 3564 ejusmodi,
801 3492 879 3570 quod
893 3492 938 3548 vel
949 3492 1025 3549 hosti
1039 3490 1264 3549 miscricordiam
1276 3504 1346 3549 mor·

215 3612 220 3623 .
302 3577 376 3625 reat.
528 3573 530 3578 '
662 3612 666 3621 .
825 3616 829 3621 .
1257 3600 1260 3607 .
1287 3604 1294 3615 .

342 3645 408 3704 CH.
429 3646 457 3703 0
473 3662 558 3706 atrox
578 3646 717 3724 adspectu
741 3647 851 3706 clades!
874 3649 893 3706 tl
914 3648 1093 3712 atrocissima
1111 3649 1258 3725 omnium,
1272 3664 1347 3727 quas

219 3728 296 3786 1300
302 3725 377 3782 mihi
395 3726 491 3783 videre
509 3745 640 3804 unquam
656 3726 796 3805 contigit!
811 3728 898 3789 ‘Quis'
909 3728 982 3793 te,d
1002 3728 1101 3794 miser,
1119 3724 1342 3786 invasit-iurbrl

303 3804 368 3878 quis
379 3803 460 3861 Deus
472 3801 585 3877 majora
602 3807 735 3865 maximis
749 3806 832 3864 malis
845 3814 904 3864 tuas
920 3805 1030 3863 infelici
1040 3807 1112 3862 sorti
1123 3802 1248 3878 adjecit?
1270 3806 1344 3875 hen,

301 3881 371 3948 heu,
384 3882 500 3940 infelix!
523 3882 633 3942 Verum
652 3885 828 3965 nequidem
849 3884 958 3941 intueri
976 3892 1010 3941 te
1028 3887 1156 3960 possum,
1169 3885 1263 3941 uudta
1273 3885 1346 3945 licet

137 3977 140 3983 ’
215 3960 294 4022 1305
302 3962 417 4048 cupiam
425 3961 572 4031 sciscitari,
582 3962 794 4030 multaau'dirc,
803 3962 1345 4042 multaque-videre3·tnlem.mihtboes

212 4048 241 4093 ι·
300 4055 398 4097 rorem
411 4040 525 4099 incutis.
689 4064 718 4077 ··
934 4064 938 4083 ι
1181 4058 1252 4097 ,ε,ι.
1281 4062 1286 4097 ;
1311 4058 1341 4111 -.t

339 4117 435 4178 OED.
455 4117 523 4184 Hei,
541 4119 600 4186 hei,
620 4118 678 4186 hci,
695 4121 754 4187 hei,
772 4121 840 4188 beu,
855 4121 912 4177 beu
928 4121 1017 4177 miser
1038 4118 1111 4196 cgol
1131 4121 1184 4177 'ubi
1195 4128 1348 4185 terramm

211 4193 380 4263 ,issllliemr
389 4198 511 4256 infelix?
527 4215 581 4318 vop
593 4199 666 4258 mibi
675 4199 1037 4278 quonamarulnt-inaurns
1049 4199 1179 4259 sublata!
1194 4201 1358 4269 bisibus
1370 4232 1375 4241 ·

213 4281 219 4325 l
300 4276 569 4352 quommerasisti.
828 4301 856 4332 .·
967 4320 969 4324 -
1081 4324 1085 4331 .
1219 4302 1254 4333 ·;.
1289 4304 1342 4343 ..ssi
