2776 4882
300 283 373 345 208.
606 322 608 327 -
755 274 893 342 Atax.

223 456 284 516 095
299 447 515 523 spectaculum!
536 447 555 506 0
569 454 674 523 praeter
687 449 787 505 omnia
798 468 863 525 quse
876 456 963 505 antea
973 447 1097 512 confeci,
1109 463 1160 504 cor
1177 462 1280 504 meum
1295 441 1349 501 ltc⁴

300 528 449 594 densiter,
463 545 521 605 quo
534 529 591 585 huc
608 527 696 584 modo
714 530 791 592 veni,
811 540 850 594 te,
869 529 888 583 0
904 529 1049 585 carissime
1062 523 1148 598 Aiax,
1162 533 1196 582 nt
1215 524 1347 599 primum

300 606 419 663 fatalem
431 615 515 663 tuum
525 624 625 665 casum
634 607 740 667 audivi,
753 624 925 682 persequens
935 614 963 661 et
975 603 1164 681 investigans!
1180 603 1258 661 celer
1264 600 1346 657 enirn

302 684 339 741 dc
359 694 389 741 te
407 685 495 752 fama,
516 695 655 762 tanquam
678 685 791 742 ferente
812 686 879 743 Deo
903 686 1011 761 aliquo,
1033 691 1197 760 pervaserat
1220 681 1346 740 Achivos

209 769 288 824 1000
302 781 414 830 omnes,
428 772 458 820 te
472 782 577 838 nempe
593 765 712 838 periise:
735 764 812 841 quod
824 782 881 840 ego
893 764 982 821 miser
994 772 1028 820 ut
1039 760 1129 827 audii,
1149 770 1182 819 ut
1201 758 1347 837 ingemui»

302 843 357 899 etsi
369 843 486 900 aberam
499 844 616 918 procul,
639 860 716 899 nunc
728 861 797 899 vero
806 844 923 900 intuens
932 843 1073 918 dispereo.
1112 841 1172 899 Hei
1184 838 1274 897 mihi!
1290 853 1347 911 age

303 928 404 996 retege
420 922 504 988 mihi,
517 931 551 979 ut
574 921 712 998 quidquid
734 923 805 978 mali
826 930 880 988 est,
899 921 928 976 id
947 941 1034 978 omne
1046 921 1204 996 conspicer.
1242 917 1272 975 0
1283 916 1349 973 visu

167 1024 170 1029 ’
211 1005 287 1058 1005
303 1000 450 1057 horrenda
462 1002 579 1075 species,
589 1011 619 1057 et
631 1000 758 1057 audaciae
771 1002 857 1057 nimis
870 999 990 1064 acerbe,
1001 1009 1073 1077 qnot
1083 1008 1179 1057 morte
1188 1004 1241 1057 tua
1249 997 1348 1055 tristes

303 1079 438 1135 obsevisti
449 1079 548 1135 animo
563 1096 627 1134 meo
639 1079 739 1135 curas!
762 1079 830 1140 Quo
847 1078 937 1144 enim,
951 1097 1057 1166 quosve
1069 1077 1106 1135 ad
1120 1072 1349 1135 hominesadire

302 1159 461 1233 potero‚‘in
474 1158 559 1213 rebus
574 1159 630 1214 tuis
642 1158 753 1215 afflictis
766 1158 816 1234 qui
830 1168 859 1214 te
880 1174 940 1213 non
956 1158 1103 1229 Juverim?
1125 1156 1280 1214 Nimirum
1290 1150 1349 1210 Te-

302 1237 402 1293 lamen
410 1246 492 1312 pater
500 1247 567 1292 tuus
576 1254 714 1313 meusque
722 1237 850 1312 benigno
859 1246 999 1312 meatque
1007 1235 1119 1311 placido
1129 1235 1212 1292 vultu
1220 1231 1349 1313 encipiet

212 1321 290 1374 1010
304 1315 469 1373 venientem
481 1316 544 1371 sine
558 1316 606 1371 te?
628 1316 787 1390 Quippini?
809 1317 859 1390 qui
872 1333 909 1371 ne
921 1315 999 1371 felici
1010 1315 1128 1392 quidem
1139 1314 1228 1371 allato
1240 1309 1349 1371 nuntio

303 1394 395 1452 soleat
407 1394 502 1451 laetius
511 1393 648 1451 arridere.
688 1395 741 1451 llle
760 1393 830 1470 quid
851 1394 1003 1450 reticebit?
1024 1394 1072 1450 cui
1091 1403 1189 1468 parcet
1204 1390 1348 1453 convicio,

304 1475 430 1533 nothum
444 1491 490 1535 me
503 1490 540 1529 ex
552 1474 664 1548 captiva
673 1482 766 1529 matre
778 1482 943 1547 susceptum
953 1474 1115 1547 increpans,
1125 1473 1177 1550 qui
1188 1469 1347 1529 formidine

212 1556 289 1610 1015
304 1562 335 1609 et
354 1552 470 1628 ignavia
488 1560 518 1607 te
536 1551 722 1628 prodiderim.
740 1554 885 1608 carissime
898 1547 983 1622 Ajax,
996 1552 1041 1608 vel
1053 1550 1122 1608 dolo
1134 1552 1222 1616 malo,
1235 1558 1270 1606 ut
1283 1557 1349 1605 tuac

305 1632 432 1689 emortui
439 1649 508 1705 opes
518 1647 552 1687 ac
561 1630 680 1687 domum
691 1630 886 1704 possiderem?
900 1630 984 1687 Talia
990 1626 1120 1693 dicetvir
1130 1632 1180 1687 itm
1191 1632 1349 1709 impotens,

212 1752 217 1761 .
305 1711 387 1767 senio
406 1727 546 1774 morosus,
559 1709 733 1767 levissimam
752 1727 895 1786 quamque
909 1711 946 1765 ob
958 1727 1074 1767 causam
1087 1709 1124 1767 ad
1139 1706 1241 1784 jurgia
1251 1707 1367 1777 irrita·¹

213 1794 291 1847 1010
307 1788 371 1845 bilis
378 1812 388 1859 3
410 1788 586 1865 tandemque
599 1790 723 1865 extorris
737 1790 830 1863 patria
842 1784 941 1860 ejiciar
953 1789 1051 1852 domo,
1070 1806 1124 1863 pro
1144 1788 1238 1845 libero
1249 1800 1350 1843 servm

253 1870 257 1881 '
305 1867 394 1943 vulgo
408 1876 533 1924 notatus.
572 1867 668 1941 Atque
682 1868 744 1924 haec
759 1868 875 1944 quidem
895 1866 991 1923 domi:
1013 1868 1063 1924 hic
1084 1886 1151 1923 vero
1170 1866 1207 1923 ad
1226 1858 1350 1935 Trojatn

304 1946 415 2007 inimici
425 1945 542 2023 quidem
551 1955 621 2002 suut
633 1947 703 2003 mihi
712 1948 806 2009 multi,
818 1963 909 2020 pauca
918 1956 1016 2004 autem
1030 1964 1096 2021 quae
1102 1943 1216 2018 juvent.
1234 1943 1279 2001 Et
1287 1944 1359 2001 hm·

306 2026 406 2081 omnia
418 2025 578 2081 infortunia
590 2035 619 2081 te
633 2027 776 2082 moriente
792 2034 893 2082 nactus
904 2044 980 2082 sum.
1023 2024 1080 2081 Hei
1093 2024 1180 2082 mihi!
1202 2027 1351 2082 incertum

134 2154 140 2176 ,
213 2106 289 2161 1025
306 2104 376 2183 quid
389 2121 483 2180 agam.
521 2103 583 2165 Qut
596 2115 625 2160 te
637 2106 757 2161 avellam
770 2123 788 2161 a
801 2104 863 2161 iero
875 2105 1027 2162 hocacuto
1038 2118 1188 2170 mucrone,
1202 2122 1263 2180 quo
1274 2103 1352 2169 cccix

306 2201 381 2250 sore,
395 2185 491 2249 miser,
501 2185 628 2241 animam
642 2185 763 2241 efflssti?
778 2183 954 2248 Novo—asne,
965 2195 1000 2240 ut
1013 2182 1135 2251 Hector,
1146 2185 1264 2241 tametsi
1271 2202 1353 2245 mot·

307 2270 385 2329 tuus,
398 2269 428 2319 te
441 2263 511 2319 olim
524 2263 690 2336 perditurus
702 2264 783 2319 erat?
800 2258 912 2328 Videte,
920 2263 1050 2328 obsecre,
1060 2262 1352 2323 duorum'hominum

213 2343 291 2396 1030
308 2342 465 2401 fortunam.
506 2341 618 2399 Hector
631 2343 709 2399 enim
722 2342 835 2407 eodem,
849 2358 907 2417 quo
924 2359 991 2398 eum
1010 2342 1056 2398 hic
1073 2341 1241 2406 donaverat,
1255 2343 1353 2401 balteo

308 2424 480 2491 constrictus
493 2421 529 2477 ad
541 2429 706 2497 equestrem
719 2439 848 2488 currum,
862 2438 953 2496 usque
965 2421 1108 2477 laceratus
1119 2431 1173 2488 est,
1190 2421 1284 2495 donec
1301 2440 1353 2491 ex-

308 2496 419 2558 halavit
429 2501 573 2557 animam:
589 2500 636 2556 hic
649 2510 750 2557 contra
763 2517 869 2573 munus
882 2499 1018 2555 Hectoris
1032 2500 1109 2556 hunc
1118 2518 1218 2558 ensem
1230 2500 1355 2569 habens,

309 2580 354 2636 illi
366 2578 419 2654 ipsi
433 2580 575 2640 incubuit,
589 2579 726 2655 letalique
739 2579 827 2652 periit
845 2579 974 2636 vulnere.
1013 2578 1121 2635 Annon
1135 2577 1261 2655 Erinnys
1275 2580 1355 2637 bunc

215 2656 291 2713 1035
310 2676 408 2714 ensem
422 2656 564 2713 fabricata
574 2667 627 2722 est,
641 2667 728 2734 atque
738 2658 820 2713 illum
832 2657 960 2713 balteum
970 2657 1073 2726 Orcus,
1085 2658 1219 2720 immanis
1232 2659 1351 2735 opifex?

310 2736 413 2812 ltaque
424 2746 455 2792 et
468 2737 529 2792 haec
542 2745 570 2791 et
584 2735 641 2792 alia
654 2737 753 2792 omnia
765 2735 887 2793 dixerim
905 2736 1040 2812 equidem
1053 2737 1219 2794 hominibus
1236 2755 1355 2813 semper

258 2856 264 2867 .
310 2824 422 2875 struere
433 2815 529 2872 Deos:
551 2817 575 2870 si
588 2816 635 2871 cui
648 2834 716 2874 vero
729 2817 826 2872 minus
835 2817 889 2871 ista
901 2813 1041 2889 probatur
1053 2817 1208 2883 sententia,
1222 2816 1356 2875 isdiver·

310 2896 348 2951 sis
360 2911 392 2950 ac
412 2894 520 2951 uiescat
532 2894 654 2968 placitis,
669 2904 698 2950 et
711 2913 768 2971 ego
782 2895 853 2951 meis
866 2895 952 2950 hisce.
1348 2930 1352 2963 :

216 2973 293 3031 1040
350 2913 417 3049 CH.
435 2973 482 3030 Ne
494 2991 660 3031 sermonem
669 2975 785 3051 longius
794 2973 935 3042 extende,
956 2972 1007 3036 sed
1018 2969 1069 3048 qul
1081 2975 1161 3032 bunc
1173 2974 1271 3033 virum
1282 2992 1354 3039 con-

310 3051 360 3109 das
373 3053 516 3128 sepulcro,
531 3052 690 3129 quibusque
703 3054 796 3110 verbis
816 3070 886 3108 mox
898 3051 1070 3126 respondeas
1082 3052 1209 3128 provide.
1250 3052 1355 3115 Virum

235 3122 240 3139 “
310 3133 390 3189 enim
403 3133 554 3207 conspicor
564 3133 713 3190 inimicum
722 3157 731 3203 i
753 3132 931 3207 forsitanque
950 3133 1071 3198 venerit,
1085 3139 1119 3190 ut
1133 3133 1184 3209 qui
1202 3133 1356 3209 improbus

310 3212 358 3277 sit,
373 3212 478 3266 nostris
490 3220 524 3266 ut
537 3211 630 3268 rideat
643 3212 735 3269 malis.

349 3288 468 3346 TEUC.
488 3289 560 3350 Quis
571 3307 639 3346 vero
652 3303 695 3346 est
707 3291 756 3346 ille
768 3289 813 3347 vir
825 3289 861 3346 de
875 3289 1014 3353 exercitu,
1028 3306 1115 3365 quem
1129 3289 1227 3347 vides?
1309 3328 1314 3337 ·

217 3369 293 3423 1045
351 3367 417 3424 CH.
436 3367 597 3430 Menelaus,
611 3365 694 3439 cujus
706 3370 800 3444 gratia
813 3369 871 3425 huc
884 3369 1089 3443 navigavimus.

350 3447 472 3524 TEUC.
490 3445 591 3503 Video.
631 3447 748 3522 Quippe
758 3444 820 3518 jam
835 3449 1013 3523 propinquus
1026 3450 1131 3522 agnitu
1143 3448 1236 3507 facilis
1248 3455 1303 3509 cst.

350 3525 454 3582 MEN.
474 3524 557 3581 Heus
570 3536 614 3591 tu,
624 3527 679 3583 tibi
688 3527 769 3583 dico=
785 3528 841 3583 hoc
853 3525 974 3583 cadaver
985 3527 1119 3584 manibus
1128 3546 1167 3584 ne
1177 3544 1355 3605 sompnum

313 3605 363 3662 sed
375 3606 452 3660 sinas
464 3606 550 3661 itaut
564 3604 653 3663 adest.

353 3683 471 3740 TEUC.
492 3683 570 3740 Nam
583 3702 636 3741 cur
648 3694 709 3742 tam
721 3684 845 3760 superba
857 3685 944 3742 verba
952 3678 1089 3755 jactitas?
1364 3748 1366 3755 ¹

221 3760 298 3814 1050
353 3761 454 3819 ΜΕΝ.
476 3763 522 3820 Sic
532 3763 680 3821 decretum
695 3764 776 3827 mihi,
798 3764 948 3823 decretum
970 3774 1001 3822 et
1017 3766 1052 3827 ei¹
1065 3766 1116 3844 qui
1129 3762 1281 3825 'exercitui
1302 3768 1358 3831 im,
1385 3797 1388 3828 :

315 3848 407 3915 perat.
1115 3873 1120 3880 -
1384 3865 1386 3868 ·

353 3918 471 3976 tuuc,
494 3922 647 3979 Annonet
659 3940 717 3999 quo
730 3928 873 3998 praetextu
886 3924 942 3980 hoc
955 3923 1054 4001 jubeas
1067 3924 1164 3981 dices?
1261 3984 1266 3990 ,

354 3997 455 4056 ΜΕΝ.
476 3999 554 4060 Quia
573 4019 660 4076 quem
678 4002 869 4077 opinabamur
885 4021 902 4058 e
921 4007 1015 4076 patria
1035 4003 1189 4063 adduxisse
1201 4004 1354 4063 sociumet

315 4077 442 4135 amicum
457 4079 580 4144 Achivis,
591 4080 674 4136 illum
685 4084 796 4155 experti
808 4080 1051 4156 deprehendimus
1063 4082 1146 4139 nobis
1155 4081 1355 4149 infensiorem,

221 4156 296 4239 1055
316 4174 402 4233 quam
416 4156 544 4234 Phrygas
557 4159 649 4232 ipsos:
672 4160 721 4234 qui
739 4161 880 4218 exercitui
901 4165 1036 4220 universo
1049 4161 1232 4219 machinatus
1247 4179 1355 4227 necem,

316 4242 406 4291 noctu
429 4235 646 4312 impressionem
661 4237 739 4302 fecit,
761 4248 795 4296 ut
815 4239 895 4297 ferro
913 4260 966 4299 nos
985 4241 1145 4299 occideret:
1167 4247 1198 4297 et
1210 4240 1357 4303 nisinen

306 4314 380 4399 ‘quis
393 4314 448 4373 hoc
461 4316 601 4395 molimen
610 4318 798 4400 restipxisset,
808 4335 861 4405 uos
873 4321 927 4385 hac
940 4322 1110 4405 ipsa,‚quam
1120 4318 1172 4389 ille
1181 4319 1312 4391 sortitus
1317 4328 1357 4395 est
