2776 4882
295 253 359 310 ιιι
388 271 399 293 ·
754 241 891 311 AJAX

295 418 362 475 fluit
373 415 478 504 gratia,
492 424 522 472 et
540 415 655 491 prodita
674 371 928 490 deprehenditur*
943 417 969 474 si
982 416 1139 510 quidem
1113 435 1157 474 ur
1170 415 1219 475 hic
1231 414 1352 477 nullam

199 516 201 523 ·
296 497 351 561 tui,
364 486 451 566 Aiax,
460 495 568 551 retinet
577 496 761 563 memoriam,
772 514 808 552 ne
817 496 934 571 quidem
946 506 978 551 ut
990 497 1020 551 in
1034 516 1065 552 re
1078 498 1201 553 minima
1213 496 1346 555 officinm

206 577 284 641 1270
298 574 351 631 tibi
376 580 504 648 praestet,
528 590 664 648 proquo
688 576 720 630 tu
746 593 822 649 saepe
847 583 929 631 tuam
955 573 1093 648 objiciens
1117 577 1246 645 animam
1274 575 1348 637 belli

297 652 410 710 subiisti
428 653 568 710 laborem.
609 651 665 710 Sed
684 649 848 711 abierunt
834 673 898 724 Jam
918 595 1025 711 cuneda
1044 655 1127 711 haec'
1119 655 1209 725 irrita.
1251 654 1279 710 0
1292 653 1347 732 qui

297 730 417 800 infanda
429 731 522 788 multa
542 730 630 788 modo
646 733 815 807 prolocutus
827 751 867 799 es,
882 733 993 800 nihilne
1003 734 1139 825 'amplius
1147 735 1269 791 omnino
1282 750 1347 791 me·

200 817 284 881 1275
297 811 418 876 ministi,
427 823 462 867 ut
475 811 553 867 intra
566 809 672 866 vallum
683 826 732 866 vos
744 811 816 867 olim
828 810 1009 877 ιοιιιιιιιοι,Ι
997 831 1060 882 Ιιιιιιι
1074 813 1190 887 penitus
1203 810 1344 899 perditos,

297 890 432 966 fusosque
451 889 560 966 praelio,
573 890 618 945 vir
637 889 684 945 hic
701 889 827 947 adventu
846 908 900 946 suo
913 891 991 948 solus
1012 891 1154 957 liberavit,
1168 902 1261 983 qutun
1277 886 1345 961 jam

298 969 422 1025 fiammis
435 967 570 1025 arderent
582 969 691 1025 summi
705 969 815 1026 nautici
828 968 896 1035 foti,
910 968 1077 1046 Hectorque
1097 970 1240 1043 superatis
1257 969 1346 1027 ιοιιιι

206 1048 306 1111 1280·
298 1065 331 1104 ιιι
344 1065 430 1104 naves
445 1047 568 1104 insiliret
587 1047 688 1104 ferox?
722 1047 795 1109 Quis
816 1048 878 1104 lraec
898 1049 1094 1123 propulsavit?
1128 1048 1200 1106 Non
1219 1048 1267 1105 hic
1287 1038 1343 1115 est,

219 1190 225 1199 ‚
297 1127 349 1204 qui
362 1127 417 1183 ista
428 1126 507 1192 fecit,
519 1143 606 1215 quem
619 1126 752 1219 nuspiam
766 1126 837 1183 dicis
850 1127 927 1184 hosti
940 1127 1096 1184 contulisse
1109 1126 1233 1202 pedem?
1255 1128 1344 1184 Anus

298 1223 367 1262 vera
379 1206 515 1262 istasunt
535 1200 660 1277 huJ'us'
635 1206 689 1261 vrri
708 1205 858 1293 facinora?
892 1205 997 1282 Neque
1009 1206 1082 1263 adeo
1094 1223 1209 1270 rursus,¹
1217 1217 1253 1263 ut
1264 1206 1344 1263 sulus

207 1285 307 1346 1285
299 1302 360 1359 rpse
373 1285 425 1340 soli
439 1282 574 1349 Hectori,
587 1285 706 1340 sortitus
719 1292 748 1340 et
761 1279 896 1355 injussus,
908 1287 1054 1342 conseruit
1068 1303 1207 1361 pugnarn,
1221 1302 1283 1341 non
1295 1284 1346 1344 fu

297 1381 371 1439 guce
383 1363 512 1420 immissa
530 1363 608 1419 inter
626 1362 696 1420 alias
715 1376 803 1431 sorte,
817 1363 884 1421 udae
903 1364 1016 1421 telluris
1035 1363 1132 1441 gleba,
1144 1363 1195 1421 sed
1209 1381 1273 1441 quae
1283 1364 1346 1421 cri-

175 1454 178 1467 ‘
269 1472 273 1483 =
298 1450 374 1499 stata
391 1461 407 1498 e
427 1441 536 1498 casside
554 1443 649 1516 prima
669 1442 819 1499 exsultura
837 1445 922 1499 erat?
959 1442 1018 1500 Hic
1037 1453 1091 1510 est,
1110 1442 1160 1519 qui
1183 1444 1239 1499 ista
1259 1443 1343 1509 fecit,

278 1539 414 1598 ,unaque
434 1538 491 1596 ego
510 1520 640 1585 interfui,
654 1537 711 1596 ego
730 1520 778 1577 ille
797 1537 904 1584 servus,
919 1521 967 1578 ille
984 1531 1078 1579 matre
1097 1530 1193 1579 cretus
1212 1522 1348 1582 barbara.

205 1607 285 1665 1290
298 1600 399 1666 Miser,
413 1617 472 1675 quo
484 1599 604 1656 tandem
617 1600 771 1674 respiciens
784 1608 814 1656 et
827 1601 888 1656 haec
901 1599 989 1657 audes
1002 1602 1076 1657 fari?
1102 1599 1192 1658 'Num
1213 1602 1347 1676 ignoras,

299 1680 349 1754 qui
369 1680 459 1753 patris
478 1679 525 1734 tui
543 1685 676 1754 prosator
694 1679 762 1742 tuit,
775 1679 930 1755 antiquum
950 1680 1035 1736 illum
1055 1679 1172 1754 Pelops,
1185 1678 1346 1737 barbarum

300 1758 464 1834 Phrygem?
498 1755 581 1814 Num
601 1774 690 1832 porro
706 1757 805 1822 Atrea,
824 1759 990 1833 genitorem
1010 1768 1107 1820 tunm,
1126 1759 1277 1816 hominem
1297 1777 1347 1817 sa·

207 1845 283 1902 1295
299 1838 466 1901 cerrimum,
481 1836 530 1911 qui
546 1836 631 1892 fratri
651 1837 783 1911 proprios
802 1838 937 1912 apposuit
956 1837 1116 1912 epulandos
1136 1837 1259 1894 liberos?
1294 1837 1349 1897 Tu

299 1926 398 1972 autem
412 1917 471 1990 ipse
484 1922 578 1971 matre
591 1925 676 1971 natus
689 1932 720 1970 es
733 1915 844 2002 Cressa,
858 1933 945 2008 quant
958 1934 1027 1974 suus
1040 1925 1122 1991 pater
1141 1934 1209 1973 cum
1227 1925 1348 1992 stupra·
1369 1958 1371 1963 ·

300 2006 363 2050 tore
378 1992 608 2069 deprehensam
600 2012 632 2049 ιιι
645 2011 726 2050 mare
739 1989 843 2068 projici
851 1988 941 2065 J'ussit
954 1997 1042 2053 mutis
1056 1995 1179 2069 piscibus
1192 1995 1355 2091 pabulum:

298 2071 377 2129 Talis
391 2090 458 2129 vero
470 2090 561 2148 quum
573 2074 621 2139 sis,
635 2073 687 2129 tali
702 2073 813 2129 natales
826 2073 982 2148 exprobras
995 2074 1089 2131 milri?
1112 2074 1163 2150 qui
1182 2085 1264 2149 patre
1277 2077 1349 2152 qui·

208 2160 285 2214 1300
299 2150 365 2211 dem
378 2169 445 2209 sum
457 2151 616 2208 Telamone
628 2159 724 2217 natus,
737 2153 786 2209 cui
800 2161 919 2245 propter
931 2154 1081 2229 egregiam
1094 2171 1155 2228 prae
1168 2156 1271 2210 ceteris
1285 2157 1347 2215 vir·

299 2241 393 2287 tutem
407 2233 453 2288 hic
467 2230 582 2289 habitus
596 2232 698 2294 honos,
712 2240 746 2288 ut
758 2232 867 2287 sociam
880 2232 938 2287 tori
957 2243 1080 2289 matrem
1101 2249 1196 2289 meam
1216 2233 1349 2304 abduce·

301 2322 357 2375 ret,
370 2328 453 2386 regia
464 2317 642 2385 prognatam
658 2308 758 2384 stirpe,
772 2309 980 2366 laomedontis
1000 2311 1106 2370 liliam:
1129 2313 1281 2404 ipsamque
1299 2297 1352 2373 illi

301 2406 408 2446 munus
421 2389 561 2464 eximium
574 2387 656 2445 dedit
668 2386 818 2445 Hercules.
859 2389 971 2446 Siccine
988 2407 1060 2466 ergo
1079 2391 1217 2466 optimus,
1229 2391 1355 2453 duobus

202 2475 283 2545 3305
301 2469 419 2543 optimis
438 2460 526 2532 satus,
546 2466 680 2524 dedecori
701 2467 817 2525 futurus
839 2467 937 2524 videar
959 2470 1090 2544 cognatis
1109 2471 1192 2535 meis,
1215 2488 1289 2547 quos
1311 2481 1353 2532 tu

301 2565 380 2604 nunc
393 2549 482 2604 tantis
501 2545 648 2620 depressos
668 2545 751 2604 malis
771 2541 888 2620 projicis
908 2548 1088 2636 insepultos?
1123 2546 1236 2606 Necte
1256 2545 1354 2627 hujus

301 2624 389 2682 edicti
402 2625 510 2701 pudet?
532 2626 573 2682 At
586 2621 664 2682 hoc
651 2643 715 2696 Jam
727 2625 820 2681 scito.
839 2626 864 2681 si
877 2643 935 2701 quo
947 2627 1026 2683 hunc
1038 2622 1191 2710 abjicietis,
1202 2618 1356 2705 abjicietis

205 2711 286 2775 1810
302 2712 398 2761 etms
415 2713 474 2761 tres
493 2721 553 2761 una
568 2699 708 2774 jacentes.
747 2703 865 2778 Quippe
884 2705 1035 2762 honestius
1055 2714 1099 2762 est
1119 2701 1193 2765 miili
1215 2725 1271 2783 ιιιο
1291 2706 1360 2769 illo¹

301 2784 462 2840 decertanti
474 2781 643 2859 praeclaram
656 2791 782 2850 mortem
796 2794 943 2858 oppetere,
957 2802 1044 2861 quam
1058 2791 1110 2843 tua
1121 2802 1174 2860 pro
1186 2803 1279 2845 more
1285 2795 1357 2847 eut

301 2879 362 2937 pro
374 2879 517 2938 germano
537 2868 598 2920 tuo
639 2857 766 2919 Proinde
778 2862 852 2926 vide
866 2879 927 2919 uon
941 2863 1017 2938 quod
1039 2881 1115 2930 mea,
1134 2863 1184 2921 sed
1202 2866 1310 2942 quod-⁶
1300 2885 1352 2925 m·

302 2942 385 2998 tersit
398 2951 465 2999 tua:
488 2959 613 3018 namque
625 2941 649 2997 si
663 2959 711 2999 me
724 2939 873 3018 quidpiam
885 2942 1002 3006 lasseris,
1015 2942 1129 3017 optabis
1145 2944 1304 3020 aliquando
1318 2956 1351 3005 te

207 3026 284 3088 1815
302 3021 347 3077 vel
360 3021 496 3079 timidum
507 3021 595 3077 fuisse
608 3020 715 3095 potius,
729 3037 817 3098 quam
830 3037 901 3096 erga
913 3039 960 3077 me
973 3021 1110 3079 ferocem.

342 3099 407 3156 CH.
429 3099 460 3156 Ο
470 3117 529 3158 rex
537 3099 647 3174 Ulysse‚
659 3099 787 3174 tempori
799 3105 829 3156 te
841 3101 952 3157 venisse
963 3103 1045 3167 scias,
1058 3101 1084 3156 ιι
1095 3117 1157 3159 non
1173 3104 1349 3179 commissu·

301 3194 351 3236 rus
363 3179 426 3244 hos,
440 3178 491 3236 sed
503 3179 590 3235 litem
599 3178 798 3270 dirempturus
809 3177 886 3235 ades.

342 3256 456 3315 ULYS
476 3257 563 3318 Quid
576 3257 620 3325 rei
639 3264 693 3323 est,
708 3257 779 3325 viri?
821 3255 929 3314 Procul
947 3258 1028 3316 enim
1044 3256 1253 3318 audivivocem
1266 3260 1350 3338 Atri-

302 3335 406 3395 darum
419 3354 507 3412 super
519 3336 612 3392 hoc
586 3353 640 3393 ιιιι
632 3336 737 3393 ιοιιιι
748 3335 896 3392 cadavere
976 3380 978 3385 .
1354 3398 1360 3409 ἢ

209 3423 287 3486 1320
341 3414 465 3473 AGAM.
486 3415 594 3472 Nonne
607 3414 701 3480 enim,
712 3414 823 3491 Ulysse‚
836 3413 1101 3488 turpissimaterba
1119 3416 1253 3481 audimus
1272 3418 1353 3479 istoc

302 3493 340 3554 ab
352 3494 492 3568 homineJ
485 3492 676 3552 amdudum?

343 3573 457 3632 ULYS
477 3573 602 3636 Qualia?
641 3570 830 3649 Equidem
800 3590 861 3630 ιιιο
873 3573 994 3649 ignosco
1006 3592 1057 3650 qur
1047 3573 1229 3634 maledictis
1241 3593 1350 3695 proto

302 3659 394 3714 entus,
407 3653 560 3710 maledicta
572 3653 691 3728 regerit

343 3732 467 3790 AGAM.
488 3732 600 3806 Turpia
610 3731 727 3808 quidem
740 3729 843 3795 audiit,
852 3731 954 3810 qualia
958 3739 1042 3787 erant
1055 3731 1145 3807 ipsius
1155 3733 1189 3790 in
1201 3751 1251 3791 me
1261 3688 1352 3807 facts,

210 3816 286 3878 1325
343 3808 456 3867 ULYS.
477 3811 554 3873 Quid
567 3828 639 3886 ergo
652 3810 706 3866 tihi
718 3808 796 3874 fecit,
810 3809 889 3885 quod
901 3804 955 3865 tibi
967 3808 1075 3866 damno
1087 3811 1143 3868 sit?

345 3888 467 3948 AGAM.
486 3888 586 3964 Negat
598 3908 629 3945 se
649 3889 705 3945 hoc
724 3888 844 3944 cadaver
863 3888 1041 3962 insepultum
1062 3889 1255 3970 ιιιιιιιιιιιιιι·
1244 3866 1351 3972 ,quin

303 3968 488 4069 sepulturum
500 3985 531 4024 se
543 3968 604 4024 ait'
596 3985 649 4043 rng
650 3967 729 4023 ratiis
741 3968 822 4027 meis

344 4045 461 4104 ULYS
480 4046 652 4114 Licetne<r
620 4048 713 4138 igitur
732 4063 800 4102 veta
820 4044 930 4102 dicenti
954 4046 1059 4114 amico,
1080 4054 1142 4115 tua,
1163 4065 1225 4125 non
1249 4052 1354 4155 minus

304 4128 482 4204 quamuis,
496 4141 614 4194 manere
627 4126 658 4180 in
670 4122 843 4181 concordia?

208 4209 288 4269 1380
342 4204 467 4262 AGAM
487 4190 560 4260 Dic:
583 4221 636 4259 nec
654 4204 681 4260 si
700 4212 837 4268 ιιιιιιιιιι,
857 4203 964 4263 mentis
983 4221 1077 4267 essem
1095 4216 1191 4281 sam.
1201 4207 1354 4293 siquidm

208 4336 212 4352 .
303 4281 923 4371 mumutsmaxinupsexnsgivudum
1051 4306 1058 4333 e
1112 4340 1121 4359 ‚
