2776 4882
401 248 744 320 rnrtocrarss„
1024 255 1089 321 oco
1122 285 1127 296 ·
1200 226 1205 241 ’

43 429 134 508 perii,
147 435 226 496 nate,
240 427 387 501 discerpor
401 423 482 483 edaci
500 425 613 483 morbo·
653 424 751 500 Papa,
765 421 864 497 papae!
906 419 963 478 Per
981 438 1039 558 eq?
1058 427 1089 478 tc

46 511 132 573 Deos
151 507 289 574 obtestor,
309 505 361 571 fili,
381 506 406 563 si
426 506 495 581 quis·
508 503 563 561 tibi
582 505 614 560 in
635 513 773 580 promptu
792 501 907 578 gladius
928 508 982 567 est,
1031 501 1090 559 rito

45 586 327 723 summptphpedem,
340 593 461 660 amputa
473 577 561 660 quam
572 583 732 648 celerrime,
745 583 812 638 vitae
825 598 862 637 ne
874 582 1001 656 parcito:
1023 596 1090 656 age,
1106 585 1168 648 750
1183 615 1208 670 ‘1

46 686 66 727 r
129 707 138 732 2
225 710 233 723 ο
846 714 851 724 ·
1011 722 1016 735 4
1163 698 1166 704 '

124 743 238 802 nort.
257 739 337 803 Quid
355 740 428 798 adeo
448 741 516 796 novi
527 739 685 816 derepente
697 739 811 805 aocifflt,
824 734 908 810 cujus
918 738 1015 816 gratia
1026 744 1092 797 tans

46 832 99 893 tos
110 818 239 895 ejulatus
251 831 353 897 totque
364 821 490 896 gemitus
502 819 578 877 cies?
968 814 973 823 '

91 901 203 967 PHIL.
222 901 292 964 Scis,
304 900 324 956 b
336 899 424 956 nate?

91 979 241 1045 NEOPT.
259 976 338 1041 Quid
350 984 393 1034 est
406 978 416 1034 l

91 1058 205 1119 PHIL.
225 1058 295 1124 Scis,
308 1056 327 1115 b
339 1055 400 1112 fili?
550 1116 553 1122 ,

92 1137 243 1198 ΝΕΟΡΤ.
264 1135 343 1198 Quid
356 1143 399 1192 est
413 1134 486 1191 tibi?

92 1217 205 1276 PHlL.
226 1215 315 1273 Haud
327 1215 460 1291 equidem
473 1212 540 1270 scio.

95 1287 244 1354 Nnorr.
266 1293 308 1350 Et
321 1293 372 1369 qul
386 1294 512 1349 nescias?
532 1297 535 1331 ἓ

95 1374 208 1451 PHIL.
228 1374 325 1447 Papae,
339 1370 439 1447 papae!

95 1452 245 1513 NEOP'P,
264 1450 437 1508 Terribilem
450 1449 482 1506 in
494 1446 615 1505 modum
628 1450 805 1523 aggravcsoit
817 1449 864 1504 hic
877 1448 1005 1507 morbus.
1112 1453 1173 1519 755

97 1530 209 1591 PHIL.
227 1530 401 1587 Terribilem
413 1545 492 1593 sane,
504 1537 535 1584 et
547 1526 730 1585 ineffabilem.
760 1529 816 1586 Sed
829 1529 965 1603 misereat
976 1536 1006 1584 tc
1018 1527 1087 1586 mei.

19 1650 22 1655 ,
99 1610 247 1675 NllOPl'.
266 1606 344 1669 Quid
357 1626 428 1683 ergo
441 1608 589 1663 faciaml
969 1640 972 1645 ·

100 1689 211 1749 PHlL.
230 1687 277 1746 Ne
291 1705 338 1744 me
354 1686 509 1744 formidine
529 1685 644 1760 prodas.
682 1685 760 1743 Lucs
772 1688 852 1744 enim
865 1688 915 1747 illa
926 1686 1001 1744 vices
1013 1686 1101 1744 alter·

58 1776 126 1837 nat,
138 1776 225 1844 atque
237 1785 274 1823 ex
292 1766 446 1825 intervallo
456 1764 540 1831 redit,
553 1775 707 1843 postquam
719 1766 795 1823 forte
807 1766 844 1825 ad
860 1767 1024 1824 satietatem
1035 1783 1101 1822 era·

57 1859 135 1926 gata
145 1860 197 1905 est.
236 1844 339 1902 Eheu!
604 1868 608 1873 ·

101 1924 249 1984 NFrOP'P.
268 1924 297 1980 0
309 1925 397 1981 miser
414 1920 515 1979 nimis!
539 1923 622 1984 eheu,
637 1921 731 1979 eheu!
753 1924 841 1980 miser
853 1925 993 2000 profecto,
1006 1923 1102 1980 omni·
1117 1927 1179 1990 760

61 2005 120 2065 bus
140 2003 287 2063 laboribus
311 2002 447 2066 exercite,
470 2002 526 2059 vin'
552 2010 581 2058 te
606 2001 794 2078 prehendam,
820 2010 907 2079 atque
932 2003 1102 2078 contingam
1159 2076 1161 2081 s
1202 2045 1204 2049 .

26 2135 34 2142 .
62 2085 177 2144 nunu?

104 2160 215 2221 PHIL.
235 2159 283 2217 Ne
300 2160 384 2226 istuc,
397 2159 532 2216 obsecro:
556 2159 606 2216 sed
619 2159 699 2216 hunc
710 2176 780 2233 cape
793 2160 866 2216 inibi
877 2178 988 2226 arcum,
1001 2166 1035 2216 ut
1048 2159 1104 2217 du-

65 2241 139 2301 dum
154 2258 202 2299 me
220 2238 353 2316 rogabas,
367 2256 491 2314 eumque
511 2246 578 2294 tene
598 2244 629 2294 et
647 2237 771 2304 custodi,
783 2238 876 2295 donec
895 2239 1039 2296 remiserit
1057 2239 1103 2293 in·
1121 2241 1180 2304 765
1226 2278 1234 2289 .

62 2328 146 2379 stans
160 2320 200 2376 vis
219 2317 324 2376 morbi.
362 2318 491 2392 Corripit
509 2317 588 2374 enim
607 2334 656 2374 me
674 2334 803 2379 somnus,
820 2319 906 2375 simul
926 2335 959 2376 ae
978 2315 1105 2375 abscedit

66 2401 125 2457 hoc
137 2397 266 2468 malum3
288 2414 342 2453 nec
354 2398 430 2472 potis
446 2414 511 2452 sum
531 2413 567 2451 eo
586 2397 666 2471 prius
685 2395 823 2472 defungi:
844 2397 895 2455 sed
915 2413 1030 2453 necesse
1049 2404 1105 2461 est,

64 2485 104 2536 ut
115 2495 164 2535 me
175 2477 252 2534 sinas
263 2475 454 2552 tranquillum
473 2473 609 2533 dormire.
648 2474 765 2531 Interea
777 2493 845 2533 vero
864 2476 888 2532 si
902 2476 1034 2533 veneunt
1053 2475 1105 2541 illi,
1120 2478 1183 2541 770

66 2574 124 2634 per
141 2554 220 2617 Deos
238 2566 269 2610 te
287 2553 425 2624 obtestor,
446 2553 557 2631 tibique
578 2553 696 2619 mando,
711 2571 749 2610 ne
768 2562 882 2628 sponte,
895 2572 950 2613 nec
962 2555 1106 2630 ingratiis,

45 2636 310 2713 'necquocunque
332 2632 451 2690 demum
470 2640 564 2708 pacto,
583 2634 640 2690 illis
661 2650 742 2691 arma
763 2633 819 2691 ista
837 2636 999 2710 permittas,
1019 2650 1058 2692 ne
1076 2641 1108 2690 te
1179 2632 1215 2697 2⁴,

67 2716 167 2795 ipsum
180 2711 264 2770 simul
277 2711 437 2777 interimas,
451 2728 565 2788 meque,
578 2712 628 2788 qui
640 2713 762 2786 supplex
774 2719 843 2770 tuus
854 2731 928 2771 sum.

109 2789 256 2851 NEOPT.
275 2790 361 2849 Bono
380 2791 480 2847 auimo
498 2808 548 2849 es:
569 2798 749 2866 praecautum
762 2798 792 2847 et
810 2793 956 2865 provisum
975 2793 1032 2849 hoc
1051 2793 1110 2850 erit

68 2871 154 2933 mibi.
172 2866 295 2929 Nemini
305 2868 453 2927 dabuntur
464 2876 658 2948 preterquam
671 2869 725 2927 tibi
734 2877 764 2927 et
776 2871 849 2927 mibi
859 2895 867 2927 ι
877 2870 1020 2946 proinde,
1032 2871 1111 2949 quod
1125 2873 1185 2936 775

68 2947 551 3023 benerertat,mihiillapoirige.
1191 2969 1194 2975 ·

111 3025 221 3099 PHILss
239 3026 298 3094 En,
318 3026 493 3092 adolescens,
511 3027 623 3101 accipe:
645 3027 787 3085 Invidiam
807 3036 905 3085 autem
925 3030 1060 3106 propitia,
1074 3047 1112 3087 ne

70 3108 127 3167 tibi
138 3108 199 3167 sint
210 3104 363 3181 laboripsa,
376 3123 577 3183 aerumnasque
589 3105 694 3172 ferant,
708 3108 806 3183 quales
819 3107 944 3174 etmihi,
958 3115 988 3166 et
1005 3108 1050 3166 illi
1063 3110 1114 3187 qui

70 3183 371 3251 eaantemehabuit.
894 3217 910 3243 e
1193 3204 1197 3215 ·

111 3263 258 3324 NEOPT.
282 3263 309 3320 Ο
328 3262 391 3329 Dii,
410 3263 545 3321 eveniant
565 3262 627 3321 baec
646 3262 738 3326 nobis,
761 3265 970 3343 contingatque
988 3266 1115 3325 secunda
1128 3267 1190 3328 790

10 3384 13 3407 t
71 3354 104 3403 et
122 3342 260 3481 {xpedipa
278 3341 436 3421 navigatio,
456 3358 629 3429 quocunque
649 3341 730 3400 Deus
749 3361 864 3420 aequum
885 3355 991 3409 censet,
1013 3354 1043 3402 et
1056 3363 1115 3424 quo

72 3433 124 3483 ten
145 3424 240 3481 imus.

26 3535 31 3547 ·
112 3499 228 3571 PHlIr.¹
244 3500 283 3556 At
295 3516 364 3557 vero
375 3506 485 3563 metuo,
499 3516 537 3555 ne
549 3499 665 3556 irritum
678 3499 715 3556 sit
728 3500 784 3557 hoc
797 3509 907 3568 votum,
922 3503 973 3560 iili.
1011 3502 1117 3561 Manat

76 3583 157 3652 enim
168 3597 268 3639 rursus
281 3579 355 3636 mibi
367 3586 430 3636 ater
442 3595 528 3634 cruor
540 3595 577 3635 ex
589 3578 695 3635 intimo
713 3590 825 3655 scateqs
845 3581 951 3647 ulcere,
964 3586 1051 3659 atquc
1064 3582 1115 3639 ali-

73 3659 146 3737 ·quid
159 3665 293 3734 exspecto
304 3657 385 3723 mali.
418 3657 515 3732 Papae,
529 3655 607 3713 beu!
642 3656 728 3730 Papae
740 3658 855 3714 iterum.
893 3659 921 3715 0
933 3677 993 3736 pes,
1006 3668 1116 3738 quanto
1128 3657 1191 3721 ,785

80 3756 125 3795 me
137 3737 279 3795 cruciabis
292 3735 410 3792 dolore!
443 3736 600 3810 Proserpit,
614 3735 724 3792 accedit
736 3736 798 3793 lues
812 3739 953 3814 propius·
969 3738 1029 3797 Hei
1042 3740 1117 3798 mihi

82 3815 201 3879 misero!
243 3815 320 3873 Rem
343 3832 462 3872 omnem
484 3815 668 3873 manifestam
689 3814 809 3872 videtis:
832 3835 879 3884 ne,
901 3834 1009 3895 quaeso,
1032 3819 1116 3877 aufu-
1200 3842 1205 3849 ·

86 3895 151 3970 gite.
189 3892 307 3953 Attate!
350 3893 378 3949 0
400 3895 559 3969 Cephalleu
581 3894 692 3968 hospes,
715 3896 828 3953 utinam
850 3896 899 3954 hic
912 3897 996 3955 dolor
1017 3907 1118 3975 pectus
1133 3895 1194 3959 790

88 3979 167 4031 tuum
184 3984 340 4049 penetrans
359 3973 470 4030 intimis
489 3973 598 4031 haereat
616 3972 799 4047 praecordiis!
828 3975 877 4033 hei
896 3975 986 4036 mihi!
1014 3974 1115 4054 pa'pae!
1264 3966 1295 3989 '⁴'

91 4049 245 4130 iterumque
263 4053 428 4127 iterumque
447 4051 547 4127 papae!
591 4050 618 4107 Ο
638 4053 748 4127 gemini
768 4054 855 4111 duces
874 4059 1028 4123 exercitus,
1041 4059 1125 4134 Aga.
1199 4108 1208 4122 ,,

94 4132 264 4198 memnon,b
283 4130 426 4194 Menelae‚
439 4133 553 4194 utinam
570 4132 661 4187 vicem
682 4149 778 4189 meam
798 4140 859 4191 tam
878 4135 969 4214 longo
988 4143 1121 4211 tempore
1136 4126 1196 4197 rol

10 4272 12 4280 q
97 4203 195 4279 aientis
214 4212 294 4270 bunc
313 4209 469 4268 morbum!
496 4210 545 4267 hei
563 4209 646 4275 mihi,
666 4210 758 4267 mibi!
799 4212 827 4268 0
846 4208 938 4279 Mors,
957 4215 1051 4281 Mors,
1070 4212 1123 4290 qui
1176 4201 1180 4208 ¹
1205 4228 1210 4237 ⁴

10 4281 13 4299 '
99 4280 170 4347 toties
182 4287 255 4351 adeo
267 4295 368 4374 ¹voctote
379 4287 495 4358 cotidie,
508 4287 588 4349 baud
599 4296 682 4366 potes
694 4307 825 4370 unquam
836 4294 956 4377 veniret
991 4293 1026 4369 ¹Q
1039 4293 1124 4375 filio
