2776 4882
293 260 361 329 aa
695 209 920 328 siacum.

336 432 401 491 CH.
417 433 562 491 Animum
574 431 700 497 adverte,
713 452 799 509 parce
813 435 898 509 plura
913 431 1001 509 loqui.
1041 430 1112 491 Non
1123 432 1245 513 cogita,
1258 426 1339 513 quali

220 519 281 573 als
297 518 403 571 estatu
416 512 513 588 quales
533 511 565 567 in
583 529 727 571 aerumnas
745 528 848 588 sponte
869 520 920 569 tua
942 510 1044 569 incidis
1067 513 1207 589 indigne?
1229 532 1345 593 magno
1366 570 1369 577 .

297 592 376 648 enim
397 591 515 647 cumulo
537 598 599 646 tute
621 592 699 649 mala
719 599 772 649 tua
793 609 891 665 auges,
916 590 1003 647 auxio
1027 598 1079 648 tuo
1098 594 1198 650 animo
1221 610 1347 669 sernper¹

221 676 283 731 aaa
297 668 519 803 gigqensbrixas.
557 668 647 745 Atqui
658 686 726 729 eum
738 670 950 745 potentioribus
959 665 1061 747 jurgio
1068 671 1245 731 contendere
1253 670 1336 731 hond

297 747 545 806 wwmm

336 824 398 883 ab.
417 825 463 883 lto
484 843 531 883 me
547 826 687 899 compulit
703 825 851 885 malorum
871 827 1023 884 atrocitas:
1044 827 1114 893 scio,
1127 844 1181 885 nec
1193 844 1241 885 me
1255 844 1339 885 meus

295 905 367 962 latet
380 906 506 979 impetus
518 904 616 961 animi.
657 904 722 970 Sed,
739 904 809 981 quid
828 906 907 961 enim
928 924 1015 981 agam
1035 906 1119 963 malis
1131 907 1255 968 obruta?
1277 922 1345 965 non

221 993 280 1047 225
297 983 466 1060 temperabo
478 983 522 1039 his
533 982 664 1059 querelis,
677 984 745 1040 licet
753 983 898 1039 damnosis
909 985 990 1048 mihi,
1001 984 1073 1042 dum
1081 986 1140 1041 vita
1151 984 1224 1044 mihi
1233 1002 1343 1061 suppe-

296 1070 350 1119 tet.
389 1062 485 1137 Aquo
498 1062 576 1118 enim
590 1078 730 1137 unquam,
743 1078 809 1119 cara
821 1063 985 1137 progenies,
998 1061 1098 1121 audire
1109 1064 1216 1138 possim
1226 1062 1343 1123 dictum

297 1140 416 1217 aliquod
428 1140 601 1211 conveniens
620 1139 712 1196 mihi?
734 1158 752 1196 a
772 1156 830 1216 quo
842 1148 1007 1215 opportuna
1018 1142 1190 1217 cogitante?
1212 1138 1341 1209 Mittite,

220 1230 282 1285 230
297 1220 405 1277 mittite
417 1237 465 1275 me
477 1217 628 1275 consolari.
668 1216 728 1275 Hic
744 1220 822 1275 enim
841 1218 936 1275 luctus
955 1237 1108 1295 nunquam
1125 1220 1263 1288 solvetur,
1283 1236 1340 1290 nee

297 1315 428 1373 unquam
441 1315 501 1371 prae
514 1295 612 1353 dolore
625 1296 741 1353 cessabo
752 1298 837 1355 fletus
849 1298 1017 1359 innumeros
1030 1298 1161 1355 fundere.

337 1376 402 1433 CH.
423 1376 513 1453 Atqui
533 1375 733 1433 benevolentia
752 1375 876 1433 adducta
892 1377 947 1433 ista
967 1376 1043 1444 dico,
1056 1383 1092 1433 ut
1105 1377 1164 1433 fida
1176 1382 1271 1435 mater
1283 1371 1344 1437 tibi

221 1465 280 1521 035
297 1455 462 1521 consulens,
475 1472 513 1512 ne
527 1453 636 1511 malum
650 1454 733 1513 malis
746 1454 916 1512 accumules.
1297 1524 1300 1530 .

335 1533 399 1591 EL.
419 1532 458 1591 At
481 1532 545 1610 quis
565 1530 668 1589 modus
693 1551 766 1590 meas
787 1532 968 1590 afflictionis?
999 1531 1081 1598 cedo,
1104 1530 1155 1609 qui
1178 1533 1341 1601 honestum

296 1614 387 1671 fuerit
398 1619 582 1670 mortuorum
594 1628 695 1667 euram
705 1606 850 1682 abjicere?
871 1611 993 1669 ubinam
1011 1612 1101 1668 homo
1113 1621 1157 1669 est
1169 1630 1205 1669 eo
1217 1613 1358 1687 ingenio·

222 1700 283 1755 240
298 1692 403 1749 natusl
424 1690 529 1767 Neque
540 1689 596 1746 sim
608 1689 687 1763 apud
699 1690 770 1747 tales
784 1689 935 1756 honorata,
949 1706 1055 1767 neque,
1063 1690 1089 1746 si
1100 1690 1267 1749 cuiuubam
1276 1690 1340 1749 fot-

298 1779 402 1828 tunato
414 1770 564 1834 sirmeum
576 1784 613 1824 eo
624 1767 753 1825 habitem
765 1768 933 1844 tranquilla,
943 1769 1098 1826 immemor
1106 1768 1196 1825 debiti
1209 1770 1342 1845 parenti·

299 1849 352 1907 bus
364 1849 493 1913 honoris,
505 1848 706 1933 impetumque
726 1846 863 1905 cohibens
879 1855 1030 1904 acutorum
1042 1848 1217 1923 gemituum.
1256 1846 1343 1905 Nam

222 1928 282 1990 245
298 1928 386 1986 illesi
400 1933 533 1985 mortuus
549 1924 658 1996 Jaeebit
677 1932 756 1983 terra
774 1925 925 1989 insensilia,
939 1944 993 1984 nee
1011 1925 1091 1983 aliud
1110 1925 1266 2003 quidquam
1276 1949 1286 1997 3
1308 1926 1346 1985 tri

298 2023 367 2063 vero
378 2006 403 2062 si
414 2023 476 2063 non
487 2004 599 2061 dabunt
617 2019 726 2078 poenas,
743 2003 852 2063 eadem
871 2005 949 2061 caede
970 2005 1094 2071 luentes,
1106 2004 1214 2081 peribit
1231 2004 1344 2079 pudor,

223 2088 283 2146 250
298 2093 330 2142 et
341 2085 437 2141 omnis
448 2084 534 2141 simul
546 2080 622 2157 apud
636 2084 771 2139 mortales
784 2084 883 2156 pietas.
1338 2086 1342 2093 '
1364 2141 1368 2147 ,

337 2162 404 2221 CH.
423 2162 491 2239 Ego
513 2159 657 2238 equidem,
679 2162 698 2218 0
721 2160 790 2228 filia,
811 2168 864 2218 tua
884 2159 989 2239 grafia,
1009 2179 1131 2240 meaque
1147 2160 1236 2219 simul
1246 2160 1345 2237 ipsius

296 2243 356 2301 huc
370 2242 452 2299 veni:
473 2242 498 2300 si
510 2238 580 2320 qnid
592 2240 690 2299 minus
702 2248 779 2299 recte
793 2239 910 2310 suadeo,
931 2252 965 2299 tu
977 2242 1059 2299 vinee
1066 2264 1076 2313 3
1098 2241 1152 2299 tibi
1164 2241 1243 2299 anim
1255 2240 1344 2311 obse·

299 2341 319 2399 q
337 2400 400 2459 EL.
422 2401 516 2459 Pudet
529 2416 577 2458 me
589 2399 717 2476 quidem,
731 2398 751 2459 0
762 2400 906 2463 mulieres,
919 2398 996 2477 quod
1009 2399 1047 2456 ob
1058 2398 1187 2457 assiduos
1199 2398 1285 2457 fletus
1293 2398 1342 2457 ci·

221 2488 280 2545 255
298 2479 368 2539 dear
379 2479 460 2537 robis
474 2480 599 2536 nimium
617 2478 772 2554 impotenti
789 2496 850 2537 esse
868 2480 983 2537 auimo:
1004 2496 1105 2537 verum
1119 2478 1281 2553 ignosciter
1301 2496 1346 2537 eo

297 2560 377 2617 enim
390 2574 438 2617 me
450 2558 543 2635 adigit
555 2559 715 2615 necessitas.
738 2556 816 2615 Nam
829 2556 880 2634 qui
891 2574 1033 2634 generosa
1044 2556 1150 2614 mulier
1162 2573 1221 2613 uon
1233 2555 1345 2615 itideni

297 2639 407 2715 lugeat,
427 2647 549 2714 paterna
567 2651 688 2693 cernens
706 2636 883 2693 infortunia?
906 2654 970 2713 quae
982 2653 1038 2711 ego
1051 2635 1192 2693 interdius
1204 2642 1235 2691 et
1247 2643 1349 2700 noctu

221 2717 282 2781 '260
297 2733 412 2791 semper
424 2717 517 2791 magis
529 2714 670 2789 pullulare
683 2732 770 2791 quam
783 2732 957 2773 marcescere
970 2714 1062 2771 video.
1102 2714 1159 2770 Cui
1178 2714 1309 2789 primum
1322 2733 1345 2773 a

234 2818 238 2823 ·
297 2804 391 2853 matre
404 2812 468 2871 quae
482 2812 529 2851 me
540 2793 644 2870 genuit
657 2794 756 2851 omnia
769 2794 966 2850 inimicissima
972 2794 1141 2869 contigere:
1155 2791 1261 2849 deinde
1270 2810 1345 2853 mea

297 2874 386 2949 ipsius
399 2874 430 2931 in
442 2872 531 2931 domo
544 2889 611 2931 eum
631 2871 721 2947 patris
740 2872 912 2930 occisoribus
932 2889 1095 2936 conversor,
1108 2872 1272 2948 horumque
1282 2872 1344 2931 sub

222 2955 281 3013 2⁶5
298 2954 507 3027 imperiosum,
520 2963 550 3009 et
564 2952 669 3010 horum
680 2968 717 3008 ex
729 2950 850 3008 arbitrio
859 2951 976 3027 pendet,
989 2951 1164 3025 accipiamne
1176 2950 1288 3027 aliquid
1300 2968 1345 3011 an

297 3048 411 3089 caccum
424 3050 489 3107 ego.
528 3030 620 3087 Porro
633 3030 729 3105 quales
742 3048 790 3087 me
802 3029 862 3087 dies
875 3047 962 3104 agere
977 3039 1071 3103 putor,
1085 3028 1202 3105 quando
1213 3036 1343 3104 paterno

221 3156 225 3165 .
264 3162 268 3171 ,
297 3110 335 3167 in.
347 3110 420 3167 solio
432 3110 601 3186 AEgisthunr
619 3108 718 3166 scelere
737 3107 830 3176 video,
850 3108 966 3186 quaudo
978 3118 1010 3165 et
1022 3106 1106 3164 video
1117 3106 1219 3165 iisdem
1232 3106 1345 3185 quibua

209 3194 283 3255 ‚2¹70
297 3188 347 3249 ille
365 3188 504 3251 indutum
524 3188 659 3254 restibus,
679 3194 861 3264 stantemque
880 3186 917 3245 nd
936 3186 1034 3245 focum
1052 3174 1117 3245 Diis
1127 3184 1253 3245 fundere
1264 3184 1343 3245 liba·

298 3268 388 3333 mina,
401 3284 526 3344 quorum
547 3267 578 3323 in
597 3274 753 3340 conspeetu
773 3266 857 3323 illum
876 3265 1049 3323 trucidavit?
1069 3264 1204 3341 Denique
1220 3264 1343 3343 quando

217 3382 223 3396 ·
265 3368 269 3375 ·
296 3344 404 3405 horum
417 3346 499 3404 video
513 3356 673 3423 extremam
685 3346 891 3401 contumeliam
900 3368 909 3414 ;
932 3346 1088 3401 occisorem
1107 3343 1191 3402 nobis
1209 3342 1243 3401 in
1261 3344 1343 3411 lecta

297 3426 467 3500 patriacum
481 3423 594 3500 perdita
613 3436 716 3489 matre,
730 3430 854 3481 matrem
872 3423 898 3480 si
914 3422 957 3479 fas
968 3431 1012 3479 est
1024 3440 1092 3481 earn
1102 3420 1259 3498 appellare,
1271 3440 1341 3501 qum

221 3506 281 3569 275
296 3521 367 3565 curn
378 3506 434 3563 isto
446 3505 543 3562 cubet.
581 3502 664 3560 lllius
678 3518 746 3561 cero
758 3501 831 3559 adeo
847 3520 951 3559 resana
969 3500 1146 3559 confidentia
1156 3507 1210 3567 est,
1223 3510 1258 3559 ut
1269 3518 1341 3559 cum

296 3582 436 3657 piacrdari
445 3590 613 3643 consuescat
621 3580 693 3647 viro,
702 3580 835 3638 Deorum
843 3580 1000 3637 vindictam
1010 3578 1339 3649 nullamreformidansa

264 3698 267 3703 -
297 3679 396 3721 uerum
408 3673 546 3739 tanquam
554 3659 685 3737 gaudens
697 3665 812 3735 patrato
819 3660 937 3725 scelere,
948 3658 1090 3717 redeunte
1098 3657 1223 3734 singulis
1231 3658 1342 3717 mensi·

296 3738 350 3797 bus
364 3748 464 3815 optato
476 3741 526 3797 illo
538 3740 597 3805 die,
609 3756 668 3815 quc
680 3739 751 3795 olim
764 3744 877 3813 patrem
896 3755 996 3795 mcum
1008 3755 1046 3795 ex
1058 3738 1169 3795 insidiis
1180 3736 1340 3803 interfecit,

215 3822 282 3881 ,280
296 3818 352 3875 hoc
367 3820 428 3894 ipso
441 3819 544 3875 choros
561 3818 695 3881 celebrat,
717 3818 906 3894 immolatque
925 3814 1033 3873 bestias
1052 3814 1116 3873 Diis
1135 3814 1340 3891 servatoribus,

294 3898 403 3974 Atcgo
415 3898 478 3955 hoec
489 3898 595 3955 misera
606 3895 773 3969 conspicans
790 3898 822 3953 iu
840 3896 925 3952 tectis
936 3894 1030 3969 ploro,
1048 3894 1221 3951 contabesco
1233 3902 1265 3951 et
1275 3912 1342 3965 me-

256 4038 260 4043 ,
292 3978 477 4037 aumtacita
498 3978 587 4051 lugeo
605 3973 735 4031 infelices
757 3974 821 4031 illas
843 3976 951 4049 eprdus,
974 3974 1065 4048 patris
1089 3972 1181 4030 dictas
1206 3974 1340 4041 nomine,

221 4059 280 4116 285
296 4048 401 4133 Neque
420 4055 499 4113 enirn
519 4054 616 4129 palam
635 4052 791 4109 lamentari
808 4053 876 4111 licet
895 4062 1037 4129 quantum
1055 4051 1163 4127 volupe
1171 4058 1217 4107 est
1228 4046 1341 4125 animo,

295 4132 431 4211 Namque
442 4134 506 4191 lucc
525 4132 613 4189 verbo
633 4140 717 4191 tenus
735 4148 879 4207 generosa
897 4138 1002 4193 mater,
1021 4130 1082 4211 alto
1094 4130 1221 4188 clamore
1234 4128 1361 4205 talibus

212 4248 222 4279 ι,
240 4254 243 4263 -
294 4231 344 4273 me
356 4212 486 4289 increpat
498 4211 612 4287 probris
624 4230 631 4267 ε
653 4210 677 4265 0
689 4210 758 4267 Diis
770 4208 893 4285 miliique
915 4212 1013 4276 inuisa,
1031 4209 1118 4265 robae
1140 4210 1192 4265 tibi
1215 4208 1342 4283 morteri

217 4299 278 4357 asc
294 4300 335 4352 est
350 4293 460 4373 peter?
476 4290 606 4352 'nuttam
623 4288 695 4355 clius
716 4291 877 4359 urortcliem
899 4293 929 4349 ia
948 4288 1028 4379 inette
1045 4288 1114 4365 est?
1132 4286 1212 4347 Male
1228 4293 1339 4365 persea,
