2776 4882
296 245 360 308 tuo
666 229 961 301 nunculium.

223 424 283 485 550
296 425 412 471 aventu
422 406 535 469 radent
545 407 659 483 pedem·
678 406 746 467 Ho'c
756 410 850 486 igitur
863 409 967 467 misere
980 410 1091 471 metuo,
1103 414 1143 465 de
1152 404 1343 489 nonjamin

297 491 367 549 dem
379 504 462 547 meus
470 486 557 544 verbo
564 488 600 545 sit
611 486 762 554 Hercules,
772 506 805 545 re
817 496 916 545 autem
925 487 968 543 vir
975 485 1205 547 adolescentulis.
1222 486 1341 549 vem

297 569 361 627 brec
373 566 477 625 mittes
498 582 559 622 non
570 568 660 633 enias,
672 574 708 625 ut
718 566 780 625 dixi
791 566 912 633 dudum,
926 564 1009 623 irasci
1020 564 1103 623 decet
1111 565 1262 625 cordatum
1271 583 1341 625 mus
1361 596 1366 603 ·

298 648 418 706 lierems
433 660 491 723 qua
502 662 570 702 ¹vcro
581 647 694 703 ntione
706 647 813 722 possim
822 646 891 705 buis
902 643 1069 720 aegritudini
1078 644 1199 712 mederi,
1211 662 1280 715 mm
1288 662 1343 703 vo·

226 737 285 794 555
299 725 345 783 bis
354 724 458 783 dicam.
478 722 553 781 Erat
568 725 641 783 mihi
660 724 772 783 donum
789 725 942 800 antiquum
956 724 1059 779 veteris
1079 723 1229 791 Centauri,
1240 722 1340 783 lebat·
1360 740 1365 799 j

301 820 379 863 aereo
390 801 551 868 conditum,
565 802 642 879 quod
654 803 724 862 olim
737 801 949 863 adolescentula
961 802 1201 859 hirsutiexNessi
1209 802 1342 861 moritu·

301 883 340 941 tis
352 882 470 940 vulnere
482 882 667 949 sustuleram,
681 883 732 959 qui
748 899 801 957 per
814 880 992 956 profundum
1007 897 1124 937 amnem
1135 879 1273 939 Erenuni
1285 880 1342 939 bc·
1370 906 1373 911 ·

227 971 288 1027 560
302 962 396 1021 mnes
407 970 492 1036 pacta
502 960 634 1019 mercede
647 960 872 1025 transmittebat,
885 975 1036 1024 manuum,
1045 974 1106 1017 non
1119 976 1273 1018 umorum
1282 976 1343 1035 apa

301 1038 435 1099 scindam
447 1038 527 1104 vada,
541 1057 595 1096 nec
611 1040 736 1098 nauticis
755 1046 841 1097 utens
857 1038 936 1095 velis.
975 1036 1004 1093 Is
1015 1046 1047 1093 et
1059 1055 1119 1103 me,
1130 1055 1222 1114 quum
1238 1054 1343 1115 segre·

231 1162 236 1173 .
272 1164 275 1169 .
302 1127 373 1196 gata
384 1136 403 1176 a
414 1124 536 1193 paterna
547 1114 665 1185 iamdiu,
680 1118 840 1177 Herculem
849 1133 925 1175 uror
940 1116 1068 1191 primum
1079 1133 1225 1193 seqssercr,
1236 1117 1272 1175 in
1281 1116 1344 1179 bu·
1371 1144 1375 1151 ·

228 1205 287 1262 ⁶65
303 1213 399 1255 meros
410 1197 546 1272 suscepit,
559 1196 712 1274 medioque
724 1196 756 1253 in
768 1195 845 1255 freto
856 1196 944 1267 cmpit
962 1200 1116 1251 attrectare
1135 1195 1272 1253 matribus
1284 1196 1345 1257 in*

303 1275 420 1352 probis:
438 1283 469 1332 at
481 1293 539 1352 ego
548 1276 704 1333 exclamavi
711 1299 721 1346 3
742 1281 774 1333 et
784 1275 865 1332 lovis
877 1274 1008 1349 protinus
1017 1273 1094 1330 lilim
1105 1290 1346 1341 muneratum·-

303 1354 389 1412 nibus
397 1354 492 1411 emisit
504 1355 609 1412 alatam
619 1355 767 1431 sagittam,
774 1370 912 1432 quaecum
920 1350 1043 1409 stridore
1052 1369 1161 1428 perque
1168 1352 1346 1427 palmum

304 1441 336 1491 et
346 1440 448 1509 pectus
459 1428 583 1504 trajecta
594 1440 639 1491 est
649 1433 714 1491 feri.
734 1432 795 1490 Hic
805 1441 904 1490 eutem
912 1432 974 1505 ipsa
985 1431 1018 1487 in
1026 1440 1122 1488 morte
1133 1430 1203 1489 ulta
1211 1430 1288 1489 mibi
1297 1430 1346 1489 lo-

231 1520 291 1583 }70
304 1520 388 1571 cutus
400 1519 461 1569 sat:
483 1512 558 1569 Filia
567 1514 639 1568 senis
655 1512 749 1578 (End,
764 1511 815 1569 bac
827 1508 995 1586 lucrifacies
1007 1526 1069 1565 mes
1082 1527 1115 1567 er
1129 1512 1346 1577 trerminum

304 1593 330 1657 si
346 1593 483 1665 pastris,
496 1592 606 1664 quartdc
625 1593 791 1648 mamimus
809 1596 836 1645 ts
854 1589 1012 1645 treatsmisi:
1031 1590 1056 1644 ti
1068 1590 1141 1645 enim
1152 1590 1275 1647 saneris
1286 1591 1347 1649 mi

304 1672 466 1744 mgcinem
477 1670 623 1726 abtuloia
634 1674 789 1727 cometam
801 1670 875 1725 citra
888 1668 1024 1743 cuspidem
1037 1669 1185 1723 muctam
1196 1668 1260 1739 tube
1271 1666 1347 1725 Iar.

230 1754 290 1818 ηδ
305 1766 370 1809 noeoe
380 1748 491 1825 -quroe,
505 1750 567 1805 erit.
581 1748 632 1804 tibi
650 1749 854 1805 mtslcimentam
874 1746 925 1803 boc
944 1745 1087 1803 Herculea
1101 1747 1210 1832 nurtiq
1222 1747 1294 1804 adso
1310 1750 1349 1805 nl

305 1828 413 1883 nullom
426 1827 514 1882 oliam
527 1829 664 1883 contuitur
675 1825 824 1902 feminam,
837 1843 899 1882 eam
917 1826 1005 1898 magis
1017 1843 1101 1898 qaam
1114 1831 1141 1881 tt
1150 1831 1235 1884 anet.
1275 1823 1349 1883 Hoc

305 1922 398 2039 quum
409 1904 584 1962 inanimum
595 1921 783 1971 revocassem,
795 1906 894 1962 amicas
900 1926 909 1974 3
929 1920 1000 1960 nam
1016 1921 1057 1961 ex·
1065 1920 1123 1979 quo
1135 1903 1185 1959 illc
1196 1910 1346 1971 mmtmts,

234 2006 239 2017 ¹
325 1982 388 2041 omi
402 1981 546 2041 inclusum
568 1992 713 2041 serratum
735 1984 810 2041 mibi
827 1983 923 2053 iuerat
942 1980 1042 2039 sedttlo
1060 1982 1168 2039 amoris
1184 1982 1242 2039 boc
1255 1996 1346 2041 renat

232 2067 293 2123 580
306 2060 405 2121 ficium
412 2084 422 2132 3
445 2060 577 2120 tunicam
589 2063 665 2119 banc
676 2079 712 2120 eo
724 2062 810 2127 tinxi,
827 2061 961 2119 adhibitis
974 2060 1118 2125 omnibtu,
1138 2070 1204 2136 quta
1221 2061 1259 2127 is,
1270 2060 1348 2123 dnm

305 2139 425 2206 viveret,
437 2139 521 2206 dixit,
538 2147 568 2197 et
585 2136 649 2213 jam
668 2140 768 2199 omnia
788 2141 850 2199 bec
869 2138 1001 2196 coniecta
1020 2145 1099 2197 sunt.
1137 2138 1347 2201 Malssautn

285 2230 289 2236 ·
305 2225 383 2285 artes
400 2236 495 2295 neque
511 2220 600 2277 sciam
620 2236 760 2296 unquam,
772 2222 869 2295 ubque
885 2217 1046 2275 addiscatur
1070 2224 1102 2274 et
1112 2232 1296 2295 quincunque
1308 2234 1348 2277 eo

126 2280 131 2301 ⁶
218 2332 222 2343 ι
305 2297 655 2373 provebunturaudacioe,
675 2299 807 2373 impense
820 2297 885 2355 odis
907 2296 1021 2372 philtris
1032 2296 1349 2355 autemsifostelmm

234 2383 292 2440 585
305 2375 436 2455 puellam
445 2393 582 2452 superare
592 2377 713 2442 valeam,
726 2383 756 2433 et
768 2375 968 2433 delenimentis
978 2374 1055 2431 bisce
1070 2374 1193 2433 Herculi
1208 2374 1348 2443 admtfm

306 2455 506 2513 confectarite
519 2473 565 2513 res
577 2463 630 2522 est,
640 2455 698 2513 nisi
706 2454 786 2512 vobis
795 2455 895 2512 videor
904 2454 1003 2511 inania
1011 2453 1074 2511 bec
1083 2453 1196 2512 moliris
1210 2455 1347 2519 sincere.

307 2532 345 2593 ab
357 2535 474 2609 incepto
485 2533 629 2592 desistam.
1093 2540 1096 2545 ’
1148 2532 1150 2537 ’
1342 2564 1345 2573 ·

348 2611 414 2669 cH.
435 2612 520 2675 Sane,
533 2613 559 2668 si
572 2630 629 2689 qua
640 2619 684 2670 est
695 2611 742 2669 bis
753 2611 836 2671 factis
845 2609 927 2676 fides,
938 2610 1043 2667 rideris
1050 2609 1134 2669 nobis
1144 2610 1224 2669 baud
1235 2610 1349 2671 muln

306 2688 460 2751 somnium
471 2690 577 2746 iniisse.
1231 2738 1236 2745 .
1342 2716 1348 2735 ι

235 2776 295 2834 590
347 2767 431 2826 DEI.
449 2766 534 2825 Fides
546 2767 664 2845 quidem
676 2786 711 2827 ea
722 2774 777 2836 est,
786 2775 822 2826 ut
831 2769 873 2826 sic
880 2767 1015 2826 futurum
1024 2784 1086 2827 esse
1093 2767 1199 2844 opiner
1204 2790 1214 2839 3
1228 2776 1262 2827 ut
1272 2784 1348 2828 nun·

309 2845 382 2905 dum
394 2846 631 2921 periculumfeci.
1338 2892 1343 2903 .

349 2923 414 2983 CH.
434 2924 492 2982 Sed
503 2924 586 2983 factis
598 2926 671 2983 scire
683 2931 816 3000 oportet:
831 2941 899 2982 nam
909 2925 1023 2984 etiamsi
1032 2931 1116 3001 putas
1124 2930 1226 2983 terem
1234 2932 1349 2995 tenera,

308 3003 388 3063 haud
399 3010 498 3060 temen
510 3012 621 3062 certam
633 3011 742 3071 teneas,
755 3004 811 3061 nIsi
823 3011 952 3078 experta.

236 3085 294 3148 595
348 3081 430 3141 DEI.
449 3084 490 3139 At
502 3100 570 3140 mox
582 3084 720 3140 sciemus:
742 3083 827 3140 illum
838 3082 918 3138 enim
931 3081 1015 3139 video
1026 3081 1103 3139 foras
1112 3098 1264 3158 eglmum
1272 3078 1348 3155 jann

309 3161 424 3238 iterque
437 3160 474 3218 ad
487 3161 646 3219 Herculem
659 3162 791 3220 celeriter
801 3161 945 3219 conficiet.
967 3161 1097 3219 Tantum
1107 3161 1170 3217 bec
1182 3177 1232 3217 ros
1244 3178 1353 3221 arcana

308 3240 398 3297 tacite
409 3240 532 3314 premite
544 3239 617 3296 fide:
640 3258 709 3297 nam
721 3240 753 3299 ln
765 3240 892 3299 tenebris
912 3241 1010 3314 turpia
1022 3239 1091 3312 licet
1101 3237 1200 3309 meina
1212 3240 1294 3299 baud
1304 3250 1350 3301 tas

309 3317 736 3486 ωῗΙξῗΙ-ἷῐᾚωυᾚωὲίἰῇ
755 3393 835 3462 velis,
848 3395 989 3472 significa
1003 3396 1064 3453 filia
1076 3362 1186 3455 OEueie
1200 3414 1271 3457 nam
1282 3397 1351 3459 lun·

241 3520 246 3529 .
310 3493 383 3552 gum
391 3493 455 3546 ,Jam
469 3484 583 3550 tempus
597 3474 673 3531 tardi
686 3491 843 3532 moramur.

236 3562 297 3617 600
348 3554 429 3612 DEI.
449 3555 489 3612 At
501 3555 562 3611 baec
578 3555 641 3628 ipsa
659 3555 712 3610 tibi
733 3570 791 3628 ago
802 3550 912 3617 sedulo,
933 3552 1034 3619 Licha,
1047 3552 1120 3613 dum
1136 3564 1171 3611 tu
1180 3554 1271 3613 intus
1280 3562 1350 3613 etun

310 3635 472 3708 peregrinis
485 3632 676 3690 confabularis
687 3632 822 3700 feminis3
843 3648 949 3705 nempe
961 3642 995 3689 ut
1011 3651 1078 3689 mea
1088 3650 1178 3691 cause
1186 3633 1262 3691 feras
1274 3632 1352 3691 hm

310 3710 432 3784 pulchre
444 3720 553 3769 textam
566 3714 705 3777 tunicam,
718 3711 830 3768 donum
841 3710 884 3766 illi
896 3712 957 3766 viro
969 3729 1072 3767 manus
1084 3730 1166 3770 mern.
1191 3712 1353 3790 Quumque

237 3794 296 3850 605
312 3790 386 3845 hanc
398 3789 487 3855 dabla,
500 3806 598 3855 mone,
612 3799 647 3846 ut
663 3807 700 3845 ne
719 3789 783 3866 quis
801 3788 971 3845 mortalium
992 3789 1073 3862 prior
1087 3791 1138 3847 illo
1156 3790 1263 3849 indam
1273 3791 1351 3849 baut
1369 3804 1373 3809 '

310 3869 441 3941 corpori3
463 3886 557 3944 neque
570 3868 708 3943 adspiciat
723 3869 807 3932 banc,
820 3884 858 3923 ne
868 3867 937 3923 solis
950 3867 1067 3942 quidem
1080 3866 1178 3941 jubar,
1198 3886 1296 3946 neque
1305 3885 1352 3927 su·

310 3961 393 4002 crum
412 3945 576 4011 delubrum,
594 3963 650 4003 nec
672 3945 756 4003 Laris
772 3945 920 4003 Iatrriliaris
937 3944 1027 4011 factu,
1044 3949 1213 4024 priusquam·
1226 3948 1290 4023 ipse
1301 3964 1350 4005 so·

245 4064 249 4071 .
309 4023 438 4081 lemnem
455 4023 493 4080 ad
507 4041 589 4080 aram
608 4025 777 4090 consistens,
799 4024 984 4097 conspicuam
1003 4025 1255 4083 illeruustenderit
1265 4026 1350 4095 Dela,

236 4111 296 4165 ⁶10
311 4121 369 4179 qua
379 4101 428 4158 die
439 4111 539 4159 tauros
551 4102 696 4159 mactabit.
717 4102 1086 4178 Sicenimrov1‚quuando
1097 4105 1181 4163 illum
1188 4121 1352 4173 cernuam,

309 4182 355 4237 vel
367 4181 498 4239 audirem
513 4181 694 4238 incolumem·
708 4181 829 4241 domum
845 4197 1000 4243 reversum,
1015 4200 1064 4239 me
1075 4201 1143 4241 eum
1155 4183 1217 4241 rite
1226 4185 1352 4243 muirtu·

309 4277 373 4319 rum
385 4259 440 4319 bac
451 4267 540 4330 veste,
552 4258 804 4340 exhibiturumque
811 4259 887 4319 -Deis
897 4259 1063 4322 acimum
1069 4279 1181 4323 uotum
1196 4278 1352 4327 notamur
