<?xml version="1.0" encoding="UTF-8"?>
<!DOCTYPE html PUBLIC "-//W3C//DTD XHTML 1.0 Transitional//EN"
    "http://www.w3.org/TR/xhtml1/DTD/xhtml1-transitional.dtd">
<html xmlns="http://www.w3.org/1999/xhtml" xml:lang="en" lang="en">
 <head>
  <title>
</title>
<meta http-equiv="Content-Type" content="text/html;charset=utf-8" />
  <meta name='ocr-system' content='tesseract 3.04.00' />
  <meta name='ocr-capabilities' content='ocr_page ocr_carea ocr_par ocr_line ocrx_word'/>
</head>
<body>
  <div class='ocr_page' id='page_1' title='image "./sophoclistragdi04brungoog_0251.png"; bbox 0 0 2776 4882; ppageno 0'>
   <div class='ocr_carea' id='block_1_1' title="bbox 298 270 935 345">
    <p class='ocr_par' dir='ltr' id='par_1_1' title="bbox 298 270 935 345">
     <span class='ocr_line' id='line_1_1' title="bbox 298 270 935 345; baseline -0.005 0"><span class='ocrx_word' id='word_1_1' title='bbox 298 284 364 345; x_wconf 67' lang='lat'>244</span> <span class='ocrx_word' id='word_1_2' title='bbox 708 270 935 342; x_wconf 82' lang='lat' dir='ltr'><strong>ELECTRA.</strong></span> 
     </span>
    </p>
   </div>
   <div class='ocr_carea' id='block_1_2' title="bbox 155 434 1342 4389">
    <p class='ocr_par' dir='ltr' id='par_1_2' title="bbox 155 434 1342 4389">
     <span class='ocr_line' id='line_1_2' title="bbox 298 434 1338 525; baseline 0.001 -17"><span class='ocrx_word' id='word_1_3' title='bbox 298 448 412 525; x_wconf 81' lang='lat' dir='ltr'><strong>Apollo,</strong></span> <span class='ocrx_word' id='word_1_4' title='bbox 435 446 619 506; x_wconf 83' lang='lat' dir='ltr'>intulerimus</span> <span class='ocrx_word' id='word_1_5' title='bbox 642 447 788 513; x_wconf 84' lang='lat' dir='ltr'>libamina,</span> <span class='ocrx_word' id='word_1_6' title='bbox 810 453 840 504; x_wconf 89' lang='lat' dir='ltr'>et</span> <span class='ocrx_word' id='word_1_7' title='bbox 858 434 962 505; x_wconf 77' lang='lat' dir='ltr'>tonsas&#39;</span> <span class='ocrx_word' id='word_1_8' title='bbox 974 448 1081 505; x_wconf 83' lang='lat' dir='ltr'>vertice</span> <span class='ocrx_word' id='word_1_9' title='bbox 1099 461 1196 505; x_wconf 85' lang='lat' dir='ltr'>comas</span> <span class='ocrx_word' id='word_1_10' title='bbox 1218 444 1338 509; x_wconf 81' lang='lat' dir='ltr'>tumulo</span> 
     </span>
     <span class='ocr_line' id='line_1_3' title="bbox 298 526 1338 603; baseline 0 -18"><span class='ocrx_word' id='word_1_11' title='bbox 298 528 531 603; x_wconf 86' lang='lat' dir='ltr'>imposuerimus,</span> <span class='ocrx_word' id='word_1_12' title='bbox 545 528 600 583; x_wconf 91' lang='lat' dir='ltr'>buc</span> <span class='ocrx_word' id='word_1_13' title='bbox 613 535 800 589; x_wconf 86' lang='lat' dir='ltr'>revertemur,</span> <span class='ocrx_word' id='word_1_14' title='bbox 814 526 948 584; x_wconf 79' lang='lat' dir='ltr'>manibus</span> <span class='ocrx_word' id='word_1_15' title='bbox 960 528 1085 584; x_wconf 88' lang='lat' dir='ltr'>ferentes</span> <span class='ocrx_word' id='word_1_16' title='bbox 1100 545 1205 585; x_wconf 77' lang='lat' dir='ltr'>aeream</span> <span class='ocrx_word' id='word_1_17' title='bbox 1217 544 1338 596; x_wconf 90' lang='lat' dir='ltr'>urnam,</span> 
     </span>
     <span class='ocr_line' id='line_1_4' title="bbox 244 605 1342 684; baseline -0.002 -17"><span class='ocrx_word' id='word_1_18' title='bbox 244 612 283 669; x_wconf 74' lang='grc'>05</span> <span class='ocrx_word' id='word_1_19' title='bbox 299 624 387 684; x_wconf 86' lang='lat' dir='ltr'>quam</span> <span class='ocrx_word' id='word_1_20' title='bbox 404 606 458 663; x_wconf 87' lang='lat' dir='ltr'>scis</span> <span class='ocrx_word' id='word_1_21' title='bbox 477 616 507 662; x_wconf 88' lang='lat' dir='ltr'>et</span> <span class='ocrx_word' id='word_1_22' title='bbox 527 607 588 680; x_wconf 89' lang='lat' dir='ltr'>ipse</span> <span class='ocrx_word' id='word_1_23' title='bbox 610 606 642 661; x_wconf 93' lang='lat' dir='ltr'>in</span> <span class='ocrx_word' id='word_1_24' title='bbox 665 605 797 679; x_wconf 80' lang='lat' dir='ltr'>virgultis</span> <span class='ocrx_word' id='word_1_25' title='bbox 818 605 923 662; x_wconf 91' lang='lat' dir='ltr'>alicubi</span> <span class='ocrx_word' id='word_1_26' title='bbox 942 606 1025 662; x_wconf 90' lang='lat' dir='ltr'>nobis</span> <span class='ocrx_word' id='word_1_27' title='bbox 1042 606 1181 673; x_wconf 86' lang='lat' dir='ltr'>abditam,</span> <span class='ocrx_word' id='word_1_28' title='bbox 1194 613 1228 664; x_wconf 93' lang='lat' dir='ltr'>ut</span> <span class='ocrx_word' id='word_1_29' title='bbox 1240 607 1342 665; x_wconf 81' lang='lat' dir='ltr'>fallaci</span> 
     </span>
     <span class='ocr_line' id='line_1_5' title="bbox 297 684 1341 760; baseline -0.001 -18"><span class='ocrx_word' id='word_1_30' title='bbox 297 702 431 743; x_wconf 84' lang='lat' dir='ltr'>sermone</span> <span class='ocrx_word' id='word_1_31' title='bbox 444 684 570 760; x_wconf 81' lang='lat' dir='ltr'>deceptis</span> <span class='ocrx_word' id='word_1_32' title='bbox 577 684 677 741; x_wconf 83' lang='lat' dir='ltr'>laetum</span> <span class='ocrx_word' id='word_1_33' title='bbox 686 684 838 742; x_wconf 77' lang='lat' dir='ltr'>ail‘erarnus</span> <span class='ocrx_word' id='word_1_34' title='bbox 848 685 996 750; x_wconf 86' lang='lat' dir='ltr'>nuntium,</span> <span class='ocrx_word' id='word_1_35' title='bbox 1005 687 1118 758; x_wconf 75' lang='lat' dir='ltr'>periisse</span> <span class='ocrx_word' id='word_1_36' title='bbox 1129 704 1218 741; x_wconf 83' lang='lat' dir='ltr'>meum</span> <span class='ocrx_word' id='word_1_37' title='bbox 1227 704 1341 759; x_wconf 76' lang='lat' dir='ltr'>cerpus,</span> 
     </span>
     <span class='ocr_line' id='line_1_6' title="bbox 298 750 1339 834; baseline 0 -14"><span class='ocrx_word' id='word_1_38' title='bbox 298 750 525 834; x_wconf 69' lang='lat' dir='ltr'>monetam&#39;jem</span> <span class='ocrx_word' id='word_1_39' title='bbox 546 770 573 819; x_wconf 86' lang='lat' dir='ltr'>et</span> <span class='ocrx_word' id='word_1_40' title='bbox 591 766 619 818; x_wconf 79' lang='lat' dir='ltr'>in</span> <span class='ocrx_word' id='word_1_41' title='bbox 638 766 737 819; x_wconf 67' lang='lat' dir='ltr'>cineri-r</span> <span class='ocrx_word' id='word_1_42' title='bbox 755 765 905 819; x_wconf 80' lang='lat' dir='ltr'>redactam.</span> <span class='ocrx_word' id='word_1_43' title='bbox 943 762 1022 825; x_wconf 87' lang='lat' dir='ltr'>Quid</span> <span class='ocrx_word' id='word_1_44' title='bbox 1037 764 1116 820; x_wconf 91' lang='lat' dir='ltr'>enim</span> <span class='ocrx_word' id='word_1_45' title='bbox 1129 764 1185 820; x_wconf 89' lang='lat' dir='ltr'>hoc</span> <span class='ocrx_word' id='word_1_46' title='bbox 1197 764 1272 820; x_wconf 83' lang='lat' dir='ltr'>milri</span> <span class='ocrx_word' id='word_1_47' title='bbox 1283 763 1339 820; x_wconf 88' lang='lat' dir='ltr'>do·</span> 
     </span>
     <span class='ocr_line' id='line_1_7' title="bbox 243 841 1335 919; baseline -0.003 -17"><span class='ocrx_word' id='word_1_48' title='bbox 243 850 284 903; x_wconf 83' lang='grc'>60</span> <span class='ocrx_word' id='word_1_49' title='bbox 297 843 366 913; x_wconf 84' lang='lat' dir='ltr'>leat,</span> <span class='ocrx_word' id='word_1_50' title='bbox 378 841 495 918; x_wconf 87' lang='lat' dir='ltr'>quando</span> <span class='ocrx_word' id='word_1_51' title='bbox 503 842 597 899; x_wconf 79' lang='lat' dir='ltr'>rerbis</span> <span class='ocrx_word' id='word_1_52' title='bbox 607 851 738 899; x_wconf 88' lang='lat' dir='ltr'>mortuus</span> <span class='ocrx_word' id='word_1_53' title='bbox 747 859 777 898; x_wconf 91' lang='lat' dir='ltr'>rc</span> <span class='ocrx_word' id='word_1_54' title='bbox 787 842 848 917; x_wconf 86' lang='lat' dir='ltr'>ipsa</span> <span class='ocrx_word' id='word_1_55' title='bbox 858 842 959 908; x_wconf 81' lang='lat' dir='ltr'>vivam,</span> <span class='ocrx_word' id='word_1_56' title='bbox 970 843 1150 919; x_wconf 85' lang='lat' dir='ltr'>gloriamque</span> <span class='ocrx_word' id='word_1_57' title='bbox 1161 843 1335 917; x_wconf 74' lang='lat' dir='ltr'>reportabo?</span> 
     </span>
     <span class='ocr_line' id='line_1_8' title="bbox 297 919 1339 998; baseline 0.001 -20"><span class='ocrx_word' id='word_1_58' title='bbox 297 938 402 978; x_wconf 89' lang='lat' dir='ltr'>censeo</span> <span class='ocrx_word' id='word_1_59' title='bbox 413 921 492 978; x_wconf 91' lang='lat' dir='ltr'>enim</span> <span class='ocrx_word' id='word_1_60' title='bbox 505 919 617 977; x_wconf 91' lang='lat' dir='ltr'>dictum</span> <span class='ocrx_word' id='word_1_61' title='bbox 629 921 744 978; x_wconf 92' lang='lat' dir='ltr'>nullum</span> <span class='ocrx_word' id='word_1_62' title='bbox 763 938 824 977; x_wconf 86' lang='lat' dir='ltr'>esse</span> <span class='ocrx_word' id='word_1_63' title='bbox 839 920 915 978; x_wconf 89' lang='lat' dir='ltr'>male</span> <span class='ocrx_word' id='word_1_64' title='bbox 930 923 1102 986; x_wconf 89' lang='lat' dir='ltr'>ominatum,</span> <span class='ocrx_word' id='word_1_65' title='bbox 1123 919 1202 998; x_wconf 91' lang='lat' dir='ltr'>quod</span> <span class='ocrx_word' id='word_1_66' title='bbox 1220 921 1339 979; x_wconf 85' lang='lat' dir='ltr'>lucrum</span> 
     </span>
     <span class='ocr_line' id='line_1_9' title="bbox 296 995 1341 1075; baseline 0 -18"><span class='ocrx_word' id='word_1_67' title='bbox 296 998 407 1058; x_wconf 85' lang='lat' dir='ltr'>afferat.</span> <span class='ocrx_word' id='word_1_68' title='bbox 446 999 564 1073; x_wconf 86' lang='lat' dir='ltr'>Quippe</span> <span class='ocrx_word' id='word_1_69' title='bbox 581 995 645 1070; x_wconf 85' lang='lat' dir='ltr'>jam</span> <span class='ocrx_word' id='word_1_70' title='bbox 663 1000 767 1075; x_wconf 84' lang='lat' dir='ltr'>saepius</span> <span class='ocrx_word' id='word_1_71' title='bbox 783 998 841 1056; x_wconf 85' lang='lat' dir='ltr'>vidi</span> <span class='ocrx_word' id='word_1_72' title='bbox 853 999 942 1073; x_wconf 85' lang='lat' dir='ltr'>etiam</span> <span class='ocrx_word' id='word_1_73' title='bbox 953 1000 1106 1075; x_wconf 88' lang='lat' dir='ltr'>sapientes,</span> <span class='ocrx_word' id='word_1_74' title='bbox 1118 1007 1250 1057; x_wconf 87' lang='lat' dir='ltr'>mortuos</span> <span class='ocrx_word' id='word_1_75' title='bbox 1262 998 1341 1057; x_wconf 81' lang='lat' dir='ltr'>falso</span> 
     </span>
     <span class='ocr_line' id='line_1_10' title="bbox 243 1076 1339 1155; baseline 0 -17"><span class='ocrx_word' id='word_1_76' title='bbox 243 1084 283 1142; x_wconf 75' lang='lat'>65</span> <span class='ocrx_word' id='word_1_77' title='bbox 297 1077 398 1146; x_wconf 87' lang='lat' dir='ltr'>dictos,</span> <span class='ocrx_word' id='word_1_78' title='bbox 411 1077 462 1155; x_wconf 92' lang='lat' dir='ltr'>qui</span> <span class='ocrx_word' id='word_1_79' title='bbox 480 1095 571 1153; x_wconf 90' lang='lat' dir='ltr'>quum</span> <span class='ocrx_word' id='word_1_80' title='bbox 590 1078 712 1135; x_wconf 89' lang='lat' dir='ltr'>domum</span> <span class='ocrx_word' id='word_1_81' title='bbox 724 1078 845 1143; x_wconf 87' lang='lat' dir='ltr'>rediere,</span> <span class='ocrx_word' id='word_1_82' title='bbox 858 1078 951 1154; x_wconf 84' lang='lat' dir='ltr'>magis</span> <span class='ocrx_word' id='word_1_83' title='bbox 969 1079 1105 1135; x_wconf 85' lang='lat' dir='ltr'>honorati</span> <span class='ocrx_word' id='word_1_84' title='bbox 1116 1076 1247 1135; x_wconf 87' lang='lat' dir='ltr'>fuerunt.</span> <span class='ocrx_word' id='word_1_85' title='bbox 1288 1078 1339 1138; x_wconf 78' lang='lat' dir='ltr'>Itu</span> 
     </span>
     <span class='ocr_line' id='line_1_11' title="bbox 296 1156 1338 1231; baseline 0.001 -17"><span class='ocrx_word' id='word_1_86' title='bbox 296 1167 328 1214; x_wconf 92' lang='lat' dir='ltr'>et</span> <span class='ocrx_word' id='word_1_87' title='bbox 339 1174 387 1215; x_wconf 91' lang='lat' dir='ltr'>me</span> <span class='ocrx_word' id='word_1_88' title='bbox 398 1156 514 1213; x_wconf 90' lang='lat' dir='ltr'>confido</span> <span class='ocrx_word' id='word_1_89' title='bbox 527 1175 563 1213; x_wconf 88' lang='lat' dir='ltr'>ex</span> <span class='ocrx_word' id='word_1_90' title='bbox 575 1158 629 1213; x_wconf 89' lang='lat' dir='ltr'>hac</span> <span class='ocrx_word' id='word_1_91' title='bbox 647 1157 725 1214; x_wconf 88' lang='lat' dir='ltr'>fama</span> <span class='ocrx_word' id='word_1_92' title='bbox 737 1158 890 1221; x_wconf 85' lang='lat' dir='ltr'>viventem,</span> <span class='ocrx_word' id='word_1_93' title='bbox 904 1164 939 1214; x_wconf 90' lang='lat' dir='ltr'>ut</span> <span class='ocrx_word' id='word_1_94' title='bbox 951 1156 1038 1222; x_wconf 90' lang='lat' dir='ltr'>sidus,</span> <span class='ocrx_word' id='word_1_95' title='bbox 1052 1156 1235 1214; x_wconf 78' lang='lat' dir='ltr'>obfulsurum</span> <span class='ocrx_word' id='word_1_96' title='bbox 1255 1166 1338 1231; x_wconf 85' lang='lat' dir='ltr'>post-</span> 
     </span>
     <span class='ocr_line' id='line_1_12' title="bbox 295 1234 1339 1312; baseline -0.001 -18"><span class='ocrx_word' id='word_1_97' title='bbox 295 1237 351 1294; x_wconf 89' lang='lat' dir='ltr'>hac</span> <span class='ocrx_word' id='word_1_98' title='bbox 363 1236 486 1292; x_wconf 89' lang='lat' dir='ltr'>inimicis</span> <span class='ocrx_word' id='word_1_99' title='bbox 499 1235 580 1293; x_wconf 85' lang='lat' dir='ltr'>meis.</span> <span class='ocrx_word' id='word_1_100' title='bbox 619 1236 659 1291; x_wconf 90' lang='lat' dir='ltr'>At</span> <span class='ocrx_word' id='word_1_101' title='bbox 670 1234 689 1292; x_wconf 89' lang='grc'><strong>0</strong></span> <span class='ocrx_word' id='word_1_102' title='bbox 702 1237 796 1310; x_wconf 86' lang='lat' dir='ltr'>patria</span> <span class='ocrx_word' id='word_1_103' title='bbox 811 1244 898 1301; x_wconf 84' lang='lat' dir='ltr'>terra,</span> <span class='ocrx_word' id='word_1_104' title='bbox 915 1235 1022 1312; x_wconf 91' lang='lat' dir='ltr'>Diique</span> <span class='ocrx_word' id='word_1_105' title='bbox 1039 1235 1192 1311; x_wconf 83' lang='lat' dir='ltr'>indigetes,</span> <span class='ocrx_word' id='word_1_106' title='bbox 1211 1235 1339 1311; x_wconf 82' lang='lat' dir='ltr'>excipite</span> 
     </span>
     <span class='ocr_line' id='line_1_13' title="bbox 295 1314 1340 1391; baseline 0.002 -18"><span class='ocrx_word' id='word_1_107' title='bbox 295 1332 344 1373; x_wconf 87' lang='lat' dir='ltr'>me</span> <span class='ocrx_word' id='word_1_108' title='bbox 355 1314 451 1371; x_wconf 85' lang='lat' dir='ltr'>fausto</span> <span class='ocrx_word' id='word_1_109' title='bbox 464 1315 561 1372; x_wconf 90' lang='lat' dir='ltr'>omine</span> <span class='ocrx_word' id='word_1_110' title='bbox 573 1314 718 1381; x_wconf 82' lang='lat' dir='ltr'>reducem,</span> <span class='ocrx_word' id='word_1_111' title='bbox 733 1322 823 1391; x_wconf 90' lang='lat' dir='ltr'>tuque</span> <span class='ocrx_word' id='word_1_112' title='bbox 841 1314 860 1371; x_wconf 90' lang='grc'><strong>0</strong></span> <span class='ocrx_word' id='word_1_113' title='bbox 881 1321 1002 1389; x_wconf 90' lang='lat' dir='ltr'>paterna</span> <span class='ocrx_word' id='word_1_114' title='bbox 1018 1314 1137 1370; x_wconf 87' lang='lat' dir='ltr'>domus:</span> <span class='ocrx_word' id='word_1_115' title='bbox 1158 1314 1244 1370; x_wconf 83' lang='lat' dir='ltr'>venio</span> <span class='ocrx_word' id='word_1_116' title='bbox 1255 1315 1340 1375; x_wconf 85' lang='lat' dir='ltr'>enim</span> 
     </span>
     <span class='ocr_line' id='line_1_14' title="bbox 241 1393 1337 1470; baseline -0.001 -17"><span class='ocrx_word' id='word_1_117' title='bbox 241 1401 282 1461; x_wconf 76' lang='grc'>70</span> <span class='ocrx_word' id='word_1_118' title='bbox 296 1410 315 1451; x_wconf 86' lang='lat' dir='ltr'>a</span> <span class='ocrx_word' id='word_1_119' title='bbox 326 1393 391 1450; x_wconf 92' lang='lat' dir='ltr'>Diis</span> <span class='ocrx_word' id='word_1_120' title='bbox 403 1393 554 1468; x_wconf 88' lang='lat' dir='ltr'>impulsus,</span> <span class='ocrx_word' id='word_1_121' title='bbox 567 1400 600 1449; x_wconf 89' lang='lat' dir='ltr'>ut</span> <span class='ocrx_word' id='word_1_122' title='bbox 614 1393 777 1467; x_wconf 75' lang='lat' dir='ltr'>repetendis</span> <span class='ocrx_word' id='word_1_123' title='bbox 791 1394 931 1451; x_wconf 88' lang='lat' dir='ltr'>scelerum</span> <span class='ocrx_word' id='word_1_124' title='bbox 944 1394 1036 1468; x_wconf 87' lang='lat' dir='ltr'>poenis</span> <span class='ocrx_word' id='word_1_125' title='bbox 1049 1400 1079 1448; x_wconf 94' lang='lat' dir='ltr'>te</span> <span class='ocrx_word' id='word_1_126' title='bbox 1093 1394 1224 1468; x_wconf 88' lang='lat' dir='ltr'>expiem:</span> <span class='ocrx_word' id='word_1_127' title='bbox 1240 1409 1337 1470; x_wconf 85' lang='lat' dir='ltr'>neque</span> 
     </span>
     <span class='ocr_line' id='line_1_15' title="bbox 295 1461 1339 1540; baseline 0 -10"><span class='ocrx_word' id='word_1_128' title='bbox 295 1490 344 1530; x_wconf 88' lang='lat' dir='ltr'>me</span> <span class='ocrx_word' id='word_1_129' title='bbox 363 1461 572 1529; x_wconf 85' lang='lat' dir='ltr'>inhonoratdm</span> <span class='ocrx_word' id='word_1_130' title='bbox 593 1471 732 1529; x_wconf 88' lang='lat' dir='ltr'>dimittite</span> <span class='ocrx_word' id='word_1_131' title='bbox 751 1490 787 1530; x_wconf 87' lang='lat' dir='ltr'>ex</span> <span class='ocrx_word' id='word_1_132' title='bbox 807 1474 861 1529; x_wconf 90' lang='lat' dir='ltr'>hac</span> <span class='ocrx_word' id='word_1_133' title='bbox 881 1479 974 1540; x_wconf 87' lang='lat' dir='ltr'>terra;</span> <span class='ocrx_word' id='word_1_134' title='bbox 996 1471 1046 1528; x_wconf 89' lang='lat' dir='ltr'>sed</span> <span class='ocrx_word' id='word_1_135' title='bbox 1065 1472 1179 1537; x_wconf 86' lang='lat' dir='ltr'>efficite,</span> <span class='ocrx_word' id='word_1_136' title='bbox 1192 1479 1226 1527; x_wconf 88' lang='lat' dir='ltr'>ut</span> <span class='ocrx_word' id='word_1_137' title='bbox 1245 1472 1339 1530; x_wconf 77' lang='lat' dir='ltr'>avitas</span> 
     </span>
     <span class='ocr_line' id='line_1_16' title="bbox 295 1540 1337 1627; baseline 0.002 -20"><span class='ocrx_word' id='word_1_138' title='bbox 295 1540 365 1625; x_wconf 81' lang='lat' dir='ltr'>dpes</span> <span class='ocrx_word' id='word_1_139' title='bbox 381 1550 530 1627; x_wconf 88' lang='lat' dir='ltr'>possidens</span> <span class='ocrx_word' id='word_1_140' title='bbox 552 1557 644 1607; x_wconf 88' lang='lat' dir='ltr'>stator</span> <span class='ocrx_word' id='word_1_141' title='bbox 664 1550 733 1609; x_wconf 84' lang='lat' dir='ltr'>llam</span> <span class='ocrx_word' id='word_1_142' title='bbox 754 1551 866 1609; x_wconf 79' lang='lat' dir='ltr'>domus,</span> <span class='ocrx_word' id='word_1_143' title='bbox 906 1549 947 1607; x_wconf 87' lang='lat' dir='ltr'>Et</span> <span class='ocrx_word' id='word_1_144' title='bbox 964 1551 1026 1607; x_wconf 85' lang='lat' dir='ltr'>haec</span> <span class='ocrx_word' id='word_1_145' title='bbox 1046 1550 1164 1627; x_wconf 88' lang='lat' dir='ltr'>quidem</span> <span class='ocrx_word' id='word_1_146' title='bbox 1184 1550 1337 1609; x_wconf 85' lang='lat' dir='ltr'>hactenus.</span> 
     </span>
     <span class='ocr_line' id='line_1_17' title="bbox 296 1620 1335 1706; baseline -0.001 -19"><span class='ocrx_word' id='word_1_147' title='bbox 296 1620 362 1687; x_wconf 87' lang='lat' dir='ltr'>Tibi</span> <span class='ocrx_word' id='word_1_148' title='bbox 375 1645 444 1685; x_wconf 82' lang='lat' dir='ltr'>vero</span> <span class='ocrx_word' id='word_1_149' title='bbox 451 1624 526 1701; x_wconf 87' lang='lat' dir='ltr'>jam,</span> <span class='ocrx_word' id='word_1_150' title='bbox 539 1646 637 1695; x_wconf 85' lang='lat' dir='ltr'>senex,</span> <span class='ocrx_word' id='word_1_151' title='bbox 651 1647 727 1688; x_wconf 82' lang='lat' dir='ltr'>curae</span> <span class='ocrx_word' id='word_1_152' title='bbox 740 1630 777 1686; x_wconf 91' lang='lat' dir='ltr'>sit</span> <span class='ocrx_word' id='word_1_153' title='bbox 789 1631 872 1687; x_wconf 86' lang='lat' dir='ltr'>eunti</span> <span class='ocrx_word' id='word_1_154' title='bbox 885 1636 970 1688; x_wconf 88' lang='lat' dir='ltr'>tuum</span> <span class='ocrx_word' id='word_1_155' title='bbox 981 1639 1015 1686; x_wconf 86' lang='lat' dir='ltr'>ut</span> <span class='ocrx_word' id='word_1_156' title='bbox 1029 1628 1193 1706; x_wconf 87' lang='lat' dir='ltr'>exsequaris</span> <span class='ocrx_word' id='word_1_157' title='bbox 1205 1646 1335 1687; x_wconf 77' lang='lat' dir='ltr'>muuuss</span> 
     </span>
     <span class='ocr_line' id='line_1_18' title="bbox 240 1707 1338 1785; baseline -0.003 -17"><span class='ocrx_word' id='word_1_158' title='bbox 240 1714 279 1775; x_wconf 78' lang='lat'>7⁵</span> <span class='ocrx_word' id='word_1_159' title='bbox 295 1724 348 1765; x_wconf 86' lang='lat' dir='ltr'>nos</span> <span class='ocrx_word' id='word_1_160' title='bbox 370 1724 438 1765; x_wconf 90' lang='lat' dir='ltr'>vero</span> <span class='ocrx_word' id='word_1_161' title='bbox 455 1707 614 1765; x_wconf 86' lang='lat' dir='ltr'>exibimus:</span> <span class='ocrx_word' id='word_1_162' title='bbox 635 1710 747 1766; x_wconf 86' lang='lat' dir='ltr'>occasio</span> <span class='ocrx_word' id='word_1_163' title='bbox 764 1710 843 1767; x_wconf 87' lang='lat' dir='ltr'>enim</span> <span class='ocrx_word' id='word_1_164' title='bbox 863 1708 953 1776; x_wconf 85' lang='lat' dir='ltr'>adest,</span> <span class='ocrx_word' id='word_1_165' title='bbox 973 1727 1038 1785; x_wconf 82' lang='lat' dir='ltr'>quae</span> <span class='ocrx_word' id='word_1_166' title='bbox 1057 1708 1210 1767; x_wconf 88' lang='lat' dir='ltr'>hominum</span> <span class='ocrx_word' id='word_1_167' title='bbox 1232 1710 1338 1785; x_wconf 82' lang='lat' dir='ltr'>coeptis</span> 
     </span>
     <span class='ocr_line' id='line_1_19' title="bbox 294 1779 1215 1860; baseline 0.005 -17"><span class='ocrx_word' id='word_1_168' title='bbox 294 1786 430 1845; x_wconf 90' lang='lat' dir='ltr'>omnibus</span> <span class='ocrx_word' id='word_1_169' title='bbox 443 1787 554 1860; x_wconf 88' lang='lat' dir='ltr'>optima</span> <span class='ocrx_word' id='word_1_170' title='bbox 566 1795 609 1843; x_wconf 90' lang='lat' dir='ltr'>est</span> <span class='ocrx_word' id='word_1_171' title='bbox 620 1784 759 1859; x_wconf 69' lang='lat' dir='ltr'>adjutrix,</span> <span class='ocrx_word' id='word_1_172' title='bbox 833 1779 839 1792; x_wconf 61' lang='lat'><strong>⁴</strong></span> <span class='ocrx_word' id='word_1_173' title='bbox 989 1800 992 1807; x_wconf 91' lang='lat'>&#39;</span> <span class='ocrx_word' id='word_1_174' title='bbox 1212 1810 1215 1817; x_wconf 91' lang='grc'>·</span> 
     </span>
     <span class='ocr_line' id='line_1_20' title="bbox 332 1864 785 1923; baseline 0.002 0"><span class='ocrx_word' id='word_1_175' title='bbox 332 1864 395 1923; x_wconf 72' lang='lat' dir='ltr'>Eia</span> <span class='ocrx_word' id='word_1_176' title='bbox 416 1864 476 1921; x_wconf 89' lang='lat' dir='ltr'>Hei</span> <span class='ocrx_word' id='word_1_177' title='bbox 488 1865 559 1923; x_wconf 85' lang='lat' dir='ltr'>milri</span> <span class='ocrx_word' id='word_1_178' title='bbox 572 1866 700 1923; x_wconf 78' lang='lat' dir='ltr'>miserae!</span> <span class='ocrx_word' id='word_1_179' title='bbox 781 1878 785 1885; x_wconf 91' lang='lat'>&#39;</span> 
     </span>
     <span class='ocr_line' id='line_1_21' title="bbox 301 1942 1338 2023; baseline 0.004 -22"><span class='ocrx_word' id='word_1_180' title='bbox 301 2010 305 2015; x_wconf 27' lang='lat'>¹</span> <span class='ocrx_word' id='word_1_181' title='bbox 331 1942 434 2001; x_wconf 83' lang='lat' dir='ltr'>PAED.</span> <span class='ocrx_word' id='word_1_182' title='bbox 456 1942 495 2001; x_wconf 80' lang='lat' dir='ltr'>Et</span> <span class='ocrx_word' id='word_1_183' title='bbox 506 1944 623 2021; x_wconf 88' lang='lat' dir='ltr'>quidem</span> <span class='ocrx_word' id='word_1_184' title='bbox 635 1946 711 2004; x_wconf 87' lang='lat' dir='ltr'>visus</span> <span class='ocrx_word' id='word_1_185' title='bbox 727 1963 792 2004; x_wconf 88' lang='lat' dir='ltr'>sum</span> <span class='ocrx_word' id='word_1_186' title='bbox 805 1944 979 2005; x_wconf 81' lang='lat' dir='ltr'>famularum</span> <span class='ocrx_word' id='word_1_187' title='bbox 996 1944 1122 2023; x_wconf 81' lang='lat' dir='ltr'>aliquam</span> <span class='ocrx_word' id='word_1_188' title='bbox 1140 1944 1338 2021; x_wconf 72' lang='lat' dir='ltr'>suspirantem</span> 
     </span>
     <span class='ocr_line' id='line_1_22' title="bbox 292 2020 673 2088; baseline 0 -7"><span class='ocrx_word' id='word_1_189' title='bbox 292 2022 370 2081; x_wconf 87' lang='lat' dir='ltr'>intra</span> <span class='ocrx_word' id='word_1_190' title='bbox 381 2020 575 2088; x_wconf 83' lang='lat' dir='ltr'>aedesaudirc,</span> <span class='ocrx_word' id='word_1_191' title='bbox 589 2022 608 2079; x_wconf 85' lang='grc'><strong>0</strong></span> <span class='ocrx_word' id='word_1_192' title='bbox 621 2022 673 2083; x_wconf 86' lang='lat' dir='ltr'>fili.</span> 
     </span>
     <span class='ocr_line' id='line_1_23' title="bbox 237 2100 1339 2170; baseline 0.001 -12"><span class='ocrx_word' id='word_1_193' title='bbox 237 2104 280 2158; x_wconf 77' lang='grc'>80</span> <span class='ocrx_word' id='word_1_194' title='bbox 332 2100 397 2159; x_wconf 86' lang='lat' dir='ltr'>OR.</span> <span class='ocrx_word' id='word_1_195' title='bbox 417 2100 499 2159; x_wconf 87' lang='lat' dir='ltr'>Nuur</span> <span class='ocrx_word' id='word_1_196' title='bbox 512 2102 617 2160; x_wconf 88' lang='lat' dir='ltr'>misera</span> <span class='ocrx_word' id='word_1_197' title='bbox 629 2110 672 2161; x_wconf 82' lang='lat' dir='ltr'>est</span> <span class='ocrx_word' id='word_1_198' title='bbox 684 2104 821 2163; x_wconf 81' lang='lat' dir='ltr'>Electra?</span> <span class='ocrx_word' id='word_1_199' title='bbox 843 2103 884 2160; x_wconf 84' lang='lat' dir='ltr'>ris</span> <span class='ocrx_word' id='word_1_200' title='bbox 901 2102 950 2161; x_wconf 89' lang='lat' dir='ltr'>hic</span> <span class='ocrx_word' id='word_1_201' title='bbox 963 2120 1140 2170; x_wconf 87' lang='lat' dir='ltr'>maneamus,</span> <span class='ocrx_word' id='word_1_202' title='bbox 1158 2108 1189 2160; x_wconf 87' lang='lat' dir='ltr'>et</span> <span class='ocrx_word' id='word_1_203' title='bbox 1204 2102 1339 2160; x_wconf 77' lang='lat' dir='ltr'>lamenta</span> 
     </span>
     <span class='ocr_line' id='line_1_24' title="bbox 292 2180 1315 2239; baseline 0.001 0"><span class='ocrx_word' id='word_1_204' title='bbox 292 2180 463 2239; x_wconf 80' lang='lat' dir='ltr'>audiamus?</span> <span class='ocrx_word' id='word_1_205' title='bbox 657 2202 660 2207; x_wconf 91' lang='lat'>·</span> <span class='ocrx_word' id='word_1_206' title='bbox 684 2234 688 2239; x_wconf 91' lang='lat'>.</span> <span class='ocrx_word' id='word_1_207' title='bbox 884 2222 887 2231; x_wconf 83' lang='lat'><em>·</em></span> <span class='ocrx_word' id='word_1_208' title='bbox 1291 2194 1315 2213; x_wconf 94' lang='grc'>’·</span> 
     </span>
     <span class='ocr_line' id='line_1_25' title="bbox 331 2258 1339 2338; baseline -0.001 -21"><span class='ocrx_word' id='word_1_209' title='bbox 331 2258 436 2319; x_wconf 65' lang='lat'>1³:131).</span> <span class='ocrx_word' id='word_1_210' title='bbox 454 2258 588 2321; x_wconf 83' lang='lat' dir='ltr'>Minimo.</span> <span class='ocrx_word' id='word_1_211' title='bbox 609 2308 611 2312; x_wconf 92' lang='lat'><em>.</em></span> <span class='ocrx_word' id='word_1_212' title='bbox 633 2260 733 2318; x_wconf 88' lang='lat' dir='ltr'>Rebus</span> <span class='ocrx_word' id='word_1_213' title='bbox 750 2260 813 2317; x_wconf 88' lang='lat' dir='ltr'>aliis</span> <span class='ocrx_word' id='word_1_214' title='bbox 837 2261 970 2319; x_wconf 90' lang='lat' dir='ltr'>omnibus</span> <span class='ocrx_word' id='word_1_215' title='bbox 992 2260 1172 2338; x_wconf 82' lang='lat' dir='ltr'>posthabitis,</span> <span class='ocrx_word' id='word_1_216' title='bbox 1190 2258 1339 2335; x_wconf 80' lang='lat' dir='ltr'>Apollinis</span> 
     </span>
     <span class='ocr_line' id='line_1_26' title="bbox 290 2332 1341 2418; baseline 0.003 -24"><span class='ocrx_word' id='word_1_217' title='bbox 290 2334 372 2409; x_wconf 80' lang='lat' dir='ltr'>jussa</span> <span class='ocrx_word' id='word_1_218' title='bbox 390 2357 533 2399; x_wconf 91' lang='lat' dir='ltr'>conemur</span> <span class='ocrx_word' id='word_1_219' title='bbox 545 2342 678 2418; x_wconf 73' lang='lat' dir='ltr'>exsequia</span> <span class='ocrx_word' id='word_1_220' title='bbox 704 2341 781 2397; x_wconf 86' lang='lat' dir='ltr'>hisce</span> <span class='ocrx_word' id='word_1_221' title='bbox 796 2332 936 2415; x_wconf 73' lang='lat' dir='ltr'>&#39;praeverti</span> <span class='ocrx_word' id='word_1_222' title='bbox 955 2340 1048 2407; x_wconf 89' lang='lat' dir='ltr'>decet,</span> <span class='ocrx_word' id='word_1_223' title='bbox 1066 2340 1200 2417; x_wconf 78' lang='lat' dir='ltr'>putrique</span> <span class='ocrx_word' id='word_1_224' title='bbox 1218 2338 1341 2397; x_wconf 75' lang='lat' dir='ltr'>inferias</span> 
     </span>
     <span class='ocr_line' id='line_1_27' title="bbox 238 2416 1341 2497; baseline 0.002 -24"><span class='ocrx_word' id='word_1_225' title='bbox 238 2419 276 2473; x_wconf 77' lang='lat'>85</span> <span class='ocrx_word' id='word_1_226' title='bbox 294 2417 405 2475; x_wconf 84' lang='lat' dir='ltr'>facere:</span> <span class='ocrx_word' id='word_1_227' title='bbox 426 2418 482 2476; x_wconf 89' lang='lat' dir='ltr'>ista</span> <span class='ocrx_word' id='word_1_228' title='bbox 494 2420 573 2479; x_wconf 90' lang='lat' dir='ltr'>euim</span> <span class='ocrx_word' id='word_1_229' title='bbox 593 2418 743 2495; x_wconf 81' lang='lat' dir='ltr'>victoriam</span> <span class='ocrx_word' id='word_1_230' title='bbox 763 2418 846 2476; x_wconf 87' lang='lat' dir='ltr'>nobis</span> <span class='ocrx_word' id='word_1_231' title='bbox 865 2418 1025 2486; x_wconf 84' lang='lat' dir='ltr'>conferent,</span> <span class='ocrx_word' id='word_1_232' title='bbox 1038 2426 1258 2497; x_wconf 88' lang='lat' dir='ltr'>coeptorumque</span> <span class='ocrx_word' id='word_1_233' title='bbox 1270 2416 1341 2475; x_wconf 82' lang='lat' dir='ltr'>feli·</span> 
     </span>
     <span class='ocr_line' id='line_1_28' title="bbox 293 2496 992 2555; baseline 0.004 -2"><span class='ocrx_word' id='word_1_234' title='bbox 293 2514 358 2553; x_wconf 88' lang='lat' dir='ltr'>cem</span> <span class='ocrx_word' id='word_1_235' title='bbox 371 2496 493 2555; x_wconf 80' lang='lat' dir='ltr'>exitum.</span> <span class='ocrx_word' id='word_1_236' title='bbox 686 2533 694 2539; x_wconf 92' lang='lat'>-</span> <span class='ocrx_word' id='word_1_237' title='bbox 990 2512 992 2516; x_wconf 82' lang='lat'>&#39;</span> 
     </span>
     <span class='ocr_line' id='line_1_29' title="bbox 332 2574 1340 2655; baseline 0.002 -24"><span class='ocrx_word' id='word_1_238' title='bbox 332 2574 395 2634; x_wconf 81' lang='lat' dir='ltr'>llL.</span> <span class='ocrx_word' id='word_1_239' title='bbox 415 2575 443 2632; x_wconf 92' lang='lat'>0</span> <span class='ocrx_word' id='word_1_240' title='bbox 463 2576 514 2635; x_wconf 83' lang='lat' dir='ltr'>lux</span> <span class='ocrx_word' id='word_1_241' title='bbox 532 2594 615 2651; x_wconf 86' lang='lat' dir='ltr'>pura,</span> <span class='ocrx_word' id='word_1_242' title='bbox 635 2582 800 2655; x_wconf 87' lang='lat' dir='ltr'>terramque</span> <span class='ocrx_word' id='word_1_243' title='bbox 822 2576 952 2635; x_wconf 85' lang='lat' dir='ltr'>ambiens</span> <span class='ocrx_word' id='word_1_244' title='bbox 974 2576 1072 2652; x_wconf 88' lang='lat' dir='ltr'>spatiis</span> <span class='ocrx_word' id='word_1_245' title='bbox 1095 2574 1252 2653; x_wconf 79' lang='lat' dir='ltr'>aequalibus</span> <span class='ocrx_word' id='word_1_246' title='bbox 1272 2582 1340 2644; x_wconf 65' lang='lat' dir='ltr'>abr,</span> 
     </span>
     <span class='ocr_line' id='line_1_30' title="bbox 294 2648 1341 2731; baseline 0.002 -18"><span class='ocrx_word' id='word_1_247' title='bbox 294 2672 382 2731; x_wconf 86' lang='lat' dir='ltr'>quarn</span> <span class='ocrx_word' id='word_1_248' title='bbox 395 2654 502 2711; x_wconf 88' lang='lat' dir='ltr'>multos</span> <span class='ocrx_word' id='word_1_249' title='bbox 515 2654 627 2723; x_wconf 72' lang='lat' dir='ltr'>sensisti</span> <span class='ocrx_word' id='word_1_250' title='bbox 637 2673 716 2714; x_wconf 86' lang='lat' dir='ltr'>meos</span> <span class='ocrx_word' id='word_1_251' title='bbox 725 2655 922 2714; x_wconf 88' lang='lat' dir='ltr'>lamentorum</span> <span class='ocrx_word' id='word_1_252' title='bbox 933 2658 1031 2724; x_wconf 87' lang='lat' dir='ltr'>lessus,</span> <span class='ocrx_word' id='word_1_253' title='bbox 1041 2648 1213 2731; x_wconf 82' lang='lat' dir='ltr'>crebrosque</span> <span class='ocrx_word' id='word_1_254' title='bbox 1221 2654 1341 2715; x_wconf 82' lang='lat' dir='ltr'>adversi</span> 
     </span>
     <span class='ocr_line' id='line_1_31' title="bbox 237 2728 1341 2811; baseline 0.005 -24"><span class='ocrx_word' id='word_1_255' title='bbox 237 2736 276 2788; x_wconf 84' lang='grc'>00</span> <span class='ocrx_word' id='word_1_256' title='bbox 293 2732 417 2807; x_wconf 89' lang='lat' dir='ltr'>pectoris</span> <span class='ocrx_word' id='word_1_257' title='bbox 426 2728 557 2809; x_wconf 86' lang='lat' dir='ltr'>planctus</span> <span class='ocrx_word' id='word_1_258' title='bbox 566 2743 711 2801; x_wconf 88' lang='lat' dir='ltr'>cruentos,</span> <span class='ocrx_word' id='word_1_259' title='bbox 722 2752 812 2811; x_wconf 88' lang='lat' dir='ltr'>quum</span> <span class='ocrx_word' id='word_1_260' title='bbox 824 2753 882 2793; x_wconf 88' lang='lat' dir='ltr'>nox</span> <span class='ocrx_word' id='word_1_261' title='bbox 896 2734 1049 2797; x_wconf 87' lang='lat' dir='ltr'>tenebrosa</span> <span class='ocrx_word' id='word_1_262' title='bbox 1060 2732 1194 2792; x_wconf 84' lang='lat' dir='ltr'>recessit!</span> <span class='ocrx_word' id='word_1_263' title='bbox 1208 2735 1250 2791; x_wconf 84' lang='lat' dir='ltr'>At</span> <span class='ocrx_word' id='word_1_264' title='bbox 1262 2734 1341 2811; x_wconf 89' lang='lat' dir='ltr'>quid</span> 
     </span>
     <span class='ocr_line' id='line_1_32' title="bbox 211 2809 1340 2889; baseline 0.004 -22"><span class='ocrx_word' id='word_1_265' title='bbox 211 2860 218 2874; x_wconf 85' lang='lat'>,</span> <span class='ocrx_word' id='word_1_266' title='bbox 293 2810 389 2887; x_wconf 80' lang='lat' dir='ltr'>longis</span> <span class='ocrx_word' id='word_1_267' title='bbox 402 2811 535 2869; x_wconf 86' lang='lat' dir='ltr'>noctibus</span> <span class='ocrx_word' id='word_1_268' title='bbox 548 2830 644 2889; x_wconf 84' lang='lat' dir='ltr'>agam,</span> <span class='ocrx_word' id='word_1_269' title='bbox 657 2814 739 2871; x_wconf 88' lang='lat' dir='ltr'>novit</span> <span class='ocrx_word' id='word_1_270' title='bbox 748 2809 812 2886; x_wconf 88' lang='lat' dir='ltr'>jam</span> <span class='ocrx_word' id='word_1_271' title='bbox 824 2816 931 2871; x_wconf 89' lang='lat' dir='ltr'>invisus</span> <span class='ocrx_word' id='word_1_272' title='bbox 942 2820 1025 2871; x_wconf 89' lang='lat' dir='ltr'>torus</span> <span class='ocrx_word' id='word_1_273' title='bbox 1037 2822 1209 2870; x_wconf 70' lang='lat' dir='ltr'>aerumnosas</span> <span class='ocrx_word' id='word_1_274' title='bbox 1217 2812 1340 2881; x_wconf 86' lang='lat' dir='ltr'>domus,</span> 
     </span>
     <span class='ocr_line' id='line_1_33' title="bbox 225 2888 1342 2970; baseline 0.001 -19"><span class='ocrx_word' id='word_1_275' title='bbox 225 2888 275 2951; x_wconf 66' lang='lat'>&#39;95</span> <span class='ocrx_word' id='word_1_276' title='bbox 294 2898 473 2967; x_wconf 79' lang='lat' dir='ltr'>quantopere</span> <span class='ocrx_word' id='word_1_277' title='bbox 480 2891 620 2965; x_wconf 85' lang='lat' dir='ltr'>miserum</span> <span class='ocrx_word' id='word_1_278' title='bbox 626 2888 726 2953; x_wconf 71' lang='lat' dir='ltr'>meuin</span> <span class='ocrx_word' id='word_1_279' title='bbox 735 2894 851 2970; x_wconf 83' lang='lat' dir='ltr'>lugeam</span> <span class='ocrx_word' id='word_1_280' title='bbox 862 2896 986 2968; x_wconf 84' lang='lat' dir='ltr'>patrem,</span> <span class='ocrx_word' id='word_1_281' title='bbox 992 2910 1078 2969; x_wconf 92' lang='lat' dir='ltr'>quem</span> <span class='ocrx_word' id='word_1_282' title='bbox 1085 2893 1118 2948; x_wconf 92' lang='lat' dir='ltr'>in</span> <span class='ocrx_word' id='word_1_283' title='bbox 1124 2890 1246 2949; x_wconf 77' lang='lat' dir='ltr'>barbara</span> <span class='ocrx_word' id='word_1_284' title='bbox 1253 2898 1342 2953; x_wconf 79' lang='lat' dir='ltr'>terra</span> 
     </span>
     <span class='ocr_line' id='line_1_34' title="bbox 292 2966 1339 3049; baseline 0.002 -24"><span class='ocrx_word' id='word_1_285' title='bbox 292 2984 355 3025; x_wconf 90' lang='lat' dir='ltr'>non</span> <span class='ocrx_word' id='word_1_286' title='bbox 366 2966 447 3028; x_wconf 90' lang='lat' dir='ltr'>Mars</span> <span class='ocrx_word' id='word_1_287' title='bbox 460 2978 582 3028; x_wconf 91' lang='lat' dir='ltr'>cruento</span> <span class='ocrx_word' id='word_1_288' title='bbox 594 2972 707 3047; x_wconf 80' lang='lat' dir='ltr'>excepit</span> <span class='ocrx_word' id='word_1_289' title='bbox 719 2972 845 3049; x_wconf 89' lang='lat' dir='ltr'>bospitio</span> <span class='ocrx_word' id='word_1_290' title='bbox 852 2996 860 3043; x_wconf 80' lang='lat'>3</span> <span class='ocrx_word' id='word_1_291' title='bbox 883 2970 934 3029; x_wconf 88' lang='lat' dir='ltr'>sed</span> <span class='ocrx_word' id='word_1_292' title='bbox 954 2978 1048 3029; x_wconf 86' lang='lat' dir='ltr'>mater</span> <span class='ocrx_word' id='word_1_293' title='bbox 1063 2986 1139 3034; x_wconf 83' lang='lat' dir='ltr'>mee,</span> <span class='ocrx_word' id='word_1_294' title='bbox 1152 2968 1339 3049; x_wconf 75' lang='lat' dir='ltr'>tlulamique</span> 
     </span>
     <span class='ocr_line' id='line_1_35' title="bbox 292 3044 1340 3133; baseline 0.004 -28"><span class='ocrx_word' id='word_1_295' title='bbox 292 3063 410 3105; x_wconf 80' lang='lat' dir='ltr'>consors</span> <span class='ocrx_word' id='word_1_296' title='bbox 422 3046 584 3125; x_wconf 80' lang='lat' dir='ltr'>AEgistlrus,</span> <span class='ocrx_word' id='word_1_297' title='bbox 597 3058 632 3107; x_wconf 90' lang='lat' dir='ltr'>ut</span> <span class='ocrx_word' id='word_1_298' title='bbox 644 3068 783 3133; x_wconf 84' lang='lat' dir='ltr'>quercum</span> <span class='ocrx_word' id='word_1_299' title='bbox 802 3052 895 3108; x_wconf 88' lang='lat' dir='ltr'>solent</span> <span class='ocrx_word' id='word_1_300' title='bbox 911 3050 1038 3127; x_wconf 83' lang='lat' dir='ltr'>lignarii,</span> <span class='ocrx_word' id='word_1_301' title='bbox 1055 3050 1098 3107; x_wconf 89' lang='lat' dir='ltr'>ita</span> <span class='ocrx_word' id='word_1_302' title='bbox 1113 3046 1189 3105; x_wconf 89' lang='lat' dir='ltr'>iliius</span> <span class='ocrx_word' id='word_1_303' title='bbox 1201 3044 1340 3109; x_wconf 84' lang='lat' dir='ltr'>diffidere</span> 
     </span>
     <span class='ocr_line' id='line_1_36' title="bbox 219 3126 1338 3207; baseline -0.001 -19"><span class='ocrx_word' id='word_1_304' title='bbox 219 3126 277 3188; x_wconf 91' lang='lat'>100</span> <span class='ocrx_word' id='word_1_305' title='bbox 291 3132 380 3200; x_wconf 87' lang='lat' dir='ltr'>caput</span> <span class='ocrx_word' id='word_1_306' title='bbox 392 3136 513 3187; x_wconf 88' lang='lat' dir='ltr'>cruenta</span> <span class='ocrx_word' id='word_1_307' title='bbox 523 3129 626 3187; x_wconf 76' lang='lat' dir='ltr'>securi.</span> <span class='ocrx_word' id='word_1_308' title='bbox 667 3128 731 3187; x_wconf 89' lang='lat' dir='ltr'>Nec</span> <span class='ocrx_word' id='word_1_309' title='bbox 744 3132 919 3207; x_wconf 79' lang='lat' dir='ltr'>quenquam,</span> <span class='ocrx_word' id='word_1_310' title='bbox 938 3138 1043 3205; x_wconf 66' lang='lat' dir='ltr'>prater</span> <span class='ocrx_word' id='word_1_311' title='bbox 1055 3144 1113 3194; x_wconf 89' lang='lat' dir='ltr'>me,</span> <span class='ocrx_word' id='word_1_312' title='bbox 1126 3128 1234 3185; x_wconf 87' lang='lat' dir='ltr'>herum</span> <span class='ocrx_word' id='word_1_313' title='bbox 1244 3128 1338 3187; x_wconf 86' lang='lat' dir='ltr'>mise·</span> 
     </span>
     <span class='ocr_line' id='line_1_37' title="bbox 292 3204 1339 3287; baseline 0.003 -24"><span class='ocrx_word' id='word_1_314' title='bbox 292 3212 348 3270; x_wconf 90' lang='lat' dir='ltr'>ret,</span> <span class='ocrx_word' id='word_1_315' title='bbox 361 3212 401 3272; x_wconf 89' lang='lat' dir='ltr'>te,</span> <span class='ocrx_word' id='word_1_316' title='bbox 414 3206 432 3263; x_wconf 87' lang='grc'><strong>0</strong></span> <span class='ocrx_word' id='word_1_317' title='bbox 445 3216 538 3282; x_wconf 85' lang='lat' dir='ltr'>pater,</span> <span class='ocrx_word' id='word_1_318' title='bbox 552 3218 613 3265; x_wconf 89' lang='lat' dir='ltr'>tam</span> <span class='ocrx_word' id='word_1_319' title='bbox 625 3207 712 3274; x_wconf 89' lang='lat' dir='ltr'>foeda,</span> <span class='ocrx_word' id='word_1_320' title='bbox 725 3210 843 3287; x_wconf 80' lang='lat' dir='ltr'>tamque</span> <span class='ocrx_word' id='word_1_321' title='bbox 856 3208 1013 3267; x_wconf 89' lang='lat' dir='ltr'>miserabili</span> <span class='ocrx_word' id='word_1_322' title='bbox 1026 3224 1097 3264; x_wconf 89' lang='lat' dir='ltr'>nece</span> <span class='ocrx_word' id='word_1_323' title='bbox 1108 3204 1262 3273; x_wconf 69' lang='lat' dir='ltr'>mtiucto.</span> <span class='ocrx_word' id='word_1_324' title='bbox 1293 3208 1339 3266; x_wconf 75' lang='lat' dir='ltr'>Aa</span> 
     </span>
     <span class='ocr_line' id='line_1_38' title="bbox 155 3284 1338 3365; baseline 0.006 -27"><span class='ocrx_word' id='word_1_325' title='bbox 155 3298 160 3305; x_wconf 90' lang='lat'>·</span> <span class='ocrx_word' id='word_1_326' title='bbox 219 3284 274 3357; x_wconf 81' lang='grc'>100</span> <span class='ocrx_word' id='word_1_327' title='bbox 292 3301 362 3350; x_wconf 79' lang='lat' dir='ltr'>vero</span> <span class='ocrx_word' id='word_1_328' title='bbox 372 3302 522 3361; x_wconf 85' lang='lat' dir='ltr'>nunquam</span> <span class='ocrx_word' id='word_1_329' title='bbox 535 3286 663 3343; x_wconf 90' lang='lat' dir='ltr'>desinam</span> <span class='ocrx_word' id='word_1_330' title='bbox 677 3287 788 3363; x_wconf 87' lang='lat' dir='ltr'>lugere,</span> <span class='ocrx_word' id='word_1_331' title='bbox 802 3286 976 3365; x_wconf 86' lang='lat' dir='ltr'>acerbosque</span> <span class='ocrx_word' id='word_1_332' title='bbox 993 3286 1079 3344; x_wconf 87' lang='lat' dir='ltr'>fletus</span> <span class='ocrx_word' id='word_1_333' title='bbox 1090 3284 1186 3353; x_wconf 76' lang='lat' dir='ltr'>edere,</span> <span class='ocrx_word' id='word_1_334' title='bbox 1199 3284 1271 3363; x_wconf 73' lang='lat' dir='ltr'>dum</span> <span class='ocrx_word' id='word_1_335' title='bbox 1283 3302 1338 3345; x_wconf 78' lang='lat' dir='ltr'>ru·</span> 
     </span>
     <span class='ocr_line' id='line_1_39' title="bbox 291 3361 1339 3445; baseline 0.008 -28"><span class='ocrx_word' id='word_1_336' title='bbox 291 3361 407 3421; x_wconf 86' lang='lat' dir='ltr'>tilantia</span> <span class='ocrx_word' id='word_1_337' title='bbox 417 3363 521 3421; x_wconf 77' lang='lat' dir='ltr'>ridebo</span> <span class='ocrx_word' id='word_1_338' title='bbox 533 3363 662 3423; x_wconf 87' lang='lat' dir='ltr'>siderum</span> <span class='ocrx_word' id='word_1_339' title='bbox 680 3366 802 3431; x_wconf 85' lang='lat' dir='ltr'>lumina,</span> <span class='ocrx_word' id='word_1_340' title='bbox 822 3368 955 3445; x_wconf 87' lang='lat' dir='ltr'>hancque</span> <span class='ocrx_word' id='word_1_341' title='bbox 975 3364 1077 3423; x_wconf 88' lang='lat' dir='ltr'>videbo</span> <span class='ocrx_word' id='word_1_342' title='bbox 1089 3365 1183 3423; x_wconf 87' lang='lat' dir='ltr'>lucem</span> <span class='ocrx_word' id='word_1_343' title='bbox 1193 3386 1202 3435; x_wconf 74' lang='lat'>3</span> <span class='ocrx_word' id='word_1_344' title='bbox 1222 3362 1285 3432; x_wconf 83' lang='lat' dir='ltr'>sed,</span> <span class='ocrx_word' id='word_1_345' title='bbox 1293 3370 1339 3425; x_wconf 82' lang='lat' dir='ltr'>ut</span> 
     </span>
     <span class='ocr_line' id='line_1_40' title="bbox 292 3440 1337 3521; baseline 0.004 -22"><span class='ocrx_word' id='word_1_346' title='bbox 292 3440 414 3509; x_wconf 87' lang='lat' dir='ltr'>luscinia</span> <span class='ocrx_word' id='word_1_347' title='bbox 425 3442 512 3517; x_wconf 85' lang='lat' dir='ltr'>pullis</span> <span class='ocrx_word' id='word_1_348' title='bbox 524 3443 635 3509; x_wconf 87' lang='lat' dir='ltr'>orbata,</span> <span class='ocrx_word' id='word_1_349' title='bbox 649 3452 717 3501; x_wconf 89' lang='lat' dir='ltr'>aute</span> <span class='ocrx_word' id='word_1_350' title='bbox 733 3446 809 3501; x_wconf 87' lang='lat' dir='ltr'>fores</span> <span class='ocrx_word' id='word_1_351' title='bbox 826 3446 931 3503; x_wconf 87' lang='lat' dir='ltr'>harum</span> <span class='ocrx_word' id='word_1_352' title='bbox 949 3451 1135 3521; x_wconf 87' lang='lat' dir='ltr'>paternarum</span> <span class='ocrx_word' id='word_1_353' title='bbox 1150 3442 1258 3501; x_wconf 78' lang='lat' dir='ltr'>redium</span> <span class='ocrx_word' id='word_1_354' title='bbox 1270 3440 1337 3517; x_wconf 81' lang='lat' dir='ltr'>eju-</span> 
     </span>
     <span class='ocr_line' id='line_1_41' title="bbox 217 3520 1339 3599; baseline 0.004 -23"><span class='ocrx_word' id='word_1_355' title='bbox 217 3520 355 3577; x_wconf 84' lang='lat' dir='ltr'>1101ans</span> <span class='ocrx_word' id='word_1_356' title='bbox 366 3530 466 3579; x_wconf 88' lang='lat' dir='ltr'>acutos</span> <span class='ocrx_word' id='word_1_357' title='bbox 486 3522 622 3581; x_wconf 89' lang='lat' dir='ltr'>omnibus</span> <span class='ocrx_word' id='word_1_358' title='bbox 641 3539 726 3581; x_wconf 88' lang='lat' dir='ltr'>sonos</span> <span class='ocrx_word' id='word_1_359' title='bbox 745 3523 929 3599; x_wconf 88' lang='lat' dir='ltr'>profundam.</span> <span class='ocrx_word' id='word_1_360' title='bbox 969 3524 997 3579; x_wconf 94' lang='lat'>0</span> <span class='ocrx_word' id='word_1_361' title='bbox 1008 3522 1113 3581; x_wconf 85' lang='lat' dir='ltr'>danius</span> <span class='ocrx_word' id='word_1_362' title='bbox 1132 3520 1205 3581; x_wconf 82' lang='lat' dir='ltr'>Orci</span> <span class='ocrx_word' id='word_1_363' title='bbox 1216 3526 1249 3580; x_wconf 86' lang='lat' dir='ltr'>et</span> <span class='ocrx_word' id='word_1_364' title='bbox 1260 3520 1339 3581; x_wconf 72' lang='lat' dir='ltr'>Pro·</span> 
     </span>
     <span class='ocr_line' id='line_1_42' title="bbox 234 3599 1340 3681; baseline 0.008 -27"><span class='ocrx_word' id='word_1_365' title='bbox 234 3656 238 3663; x_wconf 78' lang='grc'>,</span> <span class='ocrx_word' id='word_1_366' title='bbox 290 3599 425 3674; x_wconf 84' lang='lat' dir='ltr'>serpinae.</span> <span class='ocrx_word' id='word_1_367' title='bbox 438 3599 457 3658; x_wconf 87' lang='grc'><strong>0</strong></span> <span class='ocrx_word' id='word_1_368' title='bbox 469 3600 615 3661; x_wconf 84' lang='lat' dir='ltr'>terrestris</span> <span class='ocrx_word' id='word_1_369' title='bbox 634 3600 773 3669; x_wconf 90' lang='lat' dir='ltr'>Mercuri,</span> <span class='ocrx_word' id='word_1_370' title='bbox 794 3610 825 3659; x_wconf 89' lang='lat' dir='ltr'>et</span> <span class='ocrx_word' id='word_1_371' title='bbox 843 3602 968 3661; x_wconf 86' lang='lat' dir='ltr'>verenda</span> <span class='ocrx_word' id='word_1_372' title='bbox 990 3600 1175 3679; x_wconf 84' lang='lat' dir='ltr'>Imprecatio,</span> <span class='ocrx_word' id='word_1_373' title='bbox 1189 3600 1340 3681; x_wconf 74' lang='lat' dir='ltr'>&#39;vosqued</span> 
     </span>
     <span class='ocr_line' id='line_1_43' title="bbox 290 3678 1338 3759; baseline 0.006 -26"><span class='ocrx_word' id='word_1_374' title='bbox 290 3694 395 3737; x_wconf 77' lang='lat' dir='ltr'>severus</span> <span class='ocrx_word' id='word_1_375' title='bbox 403 3678 536 3739; x_wconf 87' lang='lat' dir='ltr'>Deorum</span> <span class='ocrx_word' id='word_1_376' title='bbox 550 3680 616 3739; x_wconf 72' lang='lat' dir='ltr'>filiae</span> <span class='ocrx_word' id='word_1_377' title='bbox 628 3678 781 3757; x_wconf 82' lang='lat' dir='ltr'>Erinnyes,</span> <span class='ocrx_word' id='word_1_378' title='bbox 792 3678 975 3759; x_wconf 73' lang='lat' dir='ltr'>quae&#39;injusta</span> <span class='ocrx_word' id='word_1_379' title='bbox 985 3698 1057 3739; x_wconf 84' lang='lat' dir='ltr'>nece</span> <span class='ocrx_word' id='word_1_380' title='bbox 1066 3688 1231 3757; x_wconf 75' lang='lat' dir='ltr'>peremptos</span> <span class='ocrx_word' id='word_1_381' title='bbox 1243 3682 1338 3759; x_wconf 60' lang='lat' dir='ltr'>respls</span> 
     </span>
     <span class='ocr_line' id='line_1_44' title="bbox 217 3754 1336 3843; baseline 0.003 -30"><span class='ocrx_word' id='word_1_382' title='bbox 217 3754 275 3811; x_wconf 79' lang='lat'>115</span> <span class='ocrx_word' id='word_1_383' title='bbox 290 3756 364 3825; x_wconf 85' lang='lat' dir='ltr'>citis,</span> <span class='ocrx_word' id='word_1_384' title='bbox 378 3776 442 3835; x_wconf 83' lang='lat' dir='ltr'>quae</span> <span class='ocrx_word' id='word_1_385' title='bbox 454 3758 568 3817; x_wconf 63' lang='lat' dir='ltr'>furtivis</span> <span class='ocrx_word' id='word_1_386' title='bbox 579 3760 685 3837; x_wconf 86' lang='lat' dir='ltr'>stupris</span> <span class='ocrx_word' id='word_1_387' title='bbox 697 3760 805 3817; x_wconf 88' lang='lat' dir='ltr'>alienos</span> <span class='ocrx_word' id='word_1_388' title='bbox 816 3758 956 3819; x_wconf 90' lang='lat' dir='ltr'>violantes</span> <span class='ocrx_word' id='word_1_389' title='bbox 967 3760 1120 3827; x_wconf 84' lang='lat' dir='ltr'>thalamos,</span> <span class='ocrx_word' id='word_1_390' title='bbox 1127 3755 1336 3843; x_wconf 61' lang='lat' dir='ltr'>adestejop&#39;em</span> 
     </span>
     <span class='ocr_line' id='line_1_45' title="bbox 289 3834 1336 3913; baseline 0.004 -20"><span class='ocrx_word' id='word_1_391' title='bbox 289 3834 374 3903; x_wconf 82' lang='lat' dir='ltr'>ferte,</span> <span class='ocrx_word' id='word_1_392' title='bbox 387 3836 584 3897; x_wconf 86' lang='lat' dir='ltr'>ulcisciminor</span> <span class='ocrx_word' id='word_1_393' title='bbox 604 3840 694 3913; x_wconf 88' lang='lat' dir='ltr'>patris</span> <span class='ocrx_word' id='word_1_394' title='bbox 715 3838 825 3897; x_wconf 79' lang='lat' dir='ltr'>caedem</span> <span class='ocrx_word' id='word_1_395' title='bbox 845 3839 947 3905; x_wconf 84' lang='lat' dir='ltr'>nostri,</span> <span class='ocrx_word' id='word_1_396' title='bbox 970 3846 1000 3896; x_wconf 83' lang='lat' dir='ltr'>et</span> <span class='ocrx_word' id='word_1_397' title='bbox 1018 3838 1092 3896; x_wconf 89' lang='lat' dir='ltr'>mihi</span> <span class='ocrx_word' id='word_1_398' title='bbox 1100 3844 1203 3897; x_wconf 78' lang='lat' dir='ltr'>meten</span> <span class='ocrx_word' id='word_1_399' title='bbox 1222 3838 1336 3897; x_wconf 80' lang='lat' dir='ltr'>mittite</span> 
     </span>
     <span class='ocr_line' id='line_1_46' title="bbox 217 3907 1334 3997; baseline 0.007 -30"><span class='ocrx_word' id='word_1_400' title='bbox 217 3913 274 3985; x_wconf 66' lang='lat'>130</span> <span class='ocrx_word' id='word_1_401' title='bbox 289 3911 427 3991; x_wconf 60' lang='lat' dir='ltr'>fratrem</span> <span class='ocrx_word' id='word_1_402' title='bbox 448 3912 510 3997; x_wconf 80' lang='lat' dir='ltr'>sola</span> <span class='ocrx_word' id='word_1_403' title='bbox 521 3918 600 3975; x_wconf 89' lang='lat' dir='ltr'>enim</span> <span class='ocrx_word' id='word_1_404' title='bbox 611 3914 735 3995; x_wconf 88' lang='lat' dir='ltr'>amplius</span> <span class='ocrx_word' id='word_1_405' title='bbox 748 3916 867 3975; x_wconf 85' lang='lat' dir='ltr'>sufferre</span> <span class='ocrx_word' id='word_1_406' title='bbox 880 3934 943 3977; x_wconf 89' lang='lat' dir='ltr'>non</span> <span class='ocrx_word' id='word_1_407' title='bbox 958 3918 1039 3975; x_wconf 75' lang='lat' dir='ltr'>valeo</span> <span class='ocrx_word' id='word_1_408' title='bbox 1048 3907 1190 3977; x_wconf 68' lang='lat' dir='ltr'>&#39;moeroris&#39;</span> <span class='ocrx_word' id='word_1_409' title='bbox 1196 3916 1334 3997; x_wconf 60' lang='lat' dir='ltr'>ingraves</span> 
     </span>
     <span class='ocr_line' id='line_1_47' title="bbox 205 4002 1328 4053; baseline 0.001 -2"><span class='ocrx_word' id='word_1_410' title='bbox 205 4022 212 4041; x_wconf 71' lang='grc' dir='ltr'><strong><em>ι</em></strong></span> <span class='ocrx_word' id='word_1_411' title='bbox 288 4005 370 4051; x_wconf 82' lang='lat' dir='ltr'>scens</span> <span class='ocrx_word' id='word_1_412' title='bbox 384 4012 467 4053; x_wconf 86' lang='lat' dir='ltr'>onus.</span> <span class='ocrx_word' id='word_1_413' title='bbox 665 4030 669 4038; x_wconf 84' lang='lat'>·</span> <span class='ocrx_word' id='word_1_414' title='bbox 1204 4012 1208 4019; x_wconf 94' lang='lat'>·</span> <span class='ocrx_word' id='word_1_415' title='bbox 1234 4002 1261 4023; x_wconf 81' lang='grc'>’··</span> <span class='ocrx_word' id='word_1_416' title='bbox 1278 4016 1296 4028; x_wconf 90' lang='grc'>··</span> <span class='ocrx_word' id='word_1_417' title='bbox 1323 4018 1328 4023; x_wconf 95' lang='grc'><strong><em>·</em></strong></span> 
     </span>
     <span class='ocr_line' id='line_1_48' title="bbox 329 4068 1337 4153; baseline 0.005 -24"><span class='ocrx_word' id='word_1_418' title='bbox 329 4070 395 4130; x_wconf 83' lang='lat' dir='ltr'>CH.</span> <span class='ocrx_word' id='word_1_419' title='bbox 416 4070 485 4131; x_wconf 89' lang='lat' dir='ltr'>Heu</span> <span class='ocrx_word' id='word_1_420' title='bbox 498 4070 841 4139; x_wconf 80' lang='lat' dir='ltr'>filia‚filiaaudacissimae</span> <span class='ocrx_word' id='word_1_421' title='bbox 850 4072 968 4141; x_wconf 82' lang='lat' dir='ltr'>Electra</span> <span class='ocrx_word' id='word_1_422' title='bbox 977 4072 1089 4141; x_wconf 83' lang='lat' dir='ltr'>matris,</span> <span class='ocrx_word' id='word_1_423' title='bbox 1139 4073 1148 4089; x_wconf 91' lang='lat'>&#39;</span> <span class='ocrx_word' id='word_1_424' title='bbox 1178 4068 1337 4153; x_wconf 66' lang='lat' dir='ltr'>t&#39;e&#39;aeiupct</span> 
     </span>
     <span class='ocr_line' id='line_1_49' title="bbox 235 4146 1336 4230; baseline 0.008 -22"><span class='ocrx_word' id='word_1_425' title='bbox 235 4216 239 4223; x_wconf 93' lang='lat'><em>.</em></span> <span class='ocrx_word' id='word_1_426' title='bbox 262 4178 267 4187; x_wconf 93' lang='lat'>·</span> <span class='ocrx_word' id='word_1_427' title='bbox 287 4146 331 4209; x_wconf 82' lang='lat' dir='ltr'>ita</span> <span class='ocrx_word' id='word_1_428' title='bbox 343 4168 480 4217; x_wconf 83' lang='lat' dir='ltr'>maceras,</span> <span class='ocrx_word' id='word_1_429' title='bbox 493 4150 674 4229; x_wconf 85' lang='lat' dir='ltr'>inexpletum</span> <span class='ocrx_word' id='word_1_430' title='bbox 692 4154 796 4230; x_wconf 84' lang='lat' dir='ltr'>lugens</span> <span class='ocrx_word' id='word_1_431' title='bbox 811 4152 895 4211; x_wconf 90' lang='lat' dir='ltr'>illurn</span> <span class='ocrx_word' id='word_1_432' title='bbox 908 4153 979 4211; x_wconf 90' lang='lat' dir='ltr'>olim</span> <span class='ocrx_word' id='word_1_433' title='bbox 995 4152 1101 4211; x_wconf 80' lang='lat' dir='ltr'>dolosis</span> <span class='ocrx_word' id='word_1_434' title='bbox 1125 4153 1213 4229; x_wconf 71' lang='lat' dir='ltr'>mpla</span> <span class='ocrx_word' id='word_1_435' title='bbox 1231 4154 1336 4217; x_wconf 66' lang='lat' dir='ltr'>Min</span> 
     </span>
     <span class='ocr_line' id='line_1_50' title="bbox 214 4222 1336 4311; baseline 0.003 -25"><span class='ocrx_word' id='word_1_436' title='bbox 214 4222 270 4286; x_wconf 66' lang='lat'>125</span> <span class='ocrx_word' id='word_1_437' title='bbox 287 4228 398 4287; x_wconf 73' lang='lat' dir='ltr'>artibus</span> <span class='ocrx_word' id='word_1_438' title='bbox 409 4236 536 4305; x_wconf 87' lang='lat' dir='ltr'>captum,</span> <span class='ocrx_word' id='word_1_439' title='bbox 549 4232 752 4310; x_wconf 74' lang='lat' dir='ltr'>scelerateque</span> <span class='ocrx_word' id='word_1_440' title='bbox 770 4230 921 4309; x_wconf 83' lang='lat' dir='ltr'>proditum</span> <span class='ocrx_word' id='word_1_441' title='bbox 940 4232 1042 4291; x_wconf 80' lang='lat' dir='ltr'>manui</span> <span class='ocrx_word' id='word_1_442' title='bbox 1058 4228 1336 4311; x_wconf 64' lang='lat' dir='ltr'>Agamemnonius</span> 
     </span>
     <span class='ocr_line' id='line_1_51' title="bbox 286 4298 1326 4389; baseline 0.003 -23"><span class='ocrx_word' id='word_1_443' title='bbox 286 4298 409 4368; x_wconf 85' lang='lat' dir='ltr'>Utinam</span> <span class='ocrx_word' id='word_1_444' title='bbox 422 4315 533 4386; x_wconf 87' lang='lat' dir='ltr'>pereat,</span> <span class='ocrx_word' id='word_1_445' title='bbox 545 4310 596 4389; x_wconf 91' lang='lat' dir='ltr'>qui</span> <span class='ocrx_word' id='word_1_446' title='bbox 608 4312 662 4370; x_wconf 85' lang='lat' dir='ltr'>ista</span> <span class='ocrx_word' id='word_1_447' title='bbox 674 4313 809 4389; x_wconf 78' lang='lat' dir='ltr'>patravit,</span> <span class='ocrx_word' id='word_1_448' title='bbox 820 4312 848 4371; x_wconf 86' lang='lat' dir='ltr'>si</span> <span class='ocrx_word' id='word_1_449' title='bbox 858 4312 933 4370; x_wconf 81' lang='lat' dir='ltr'>milri</span> <span class='ocrx_word' id='word_1_450' title='bbox 944 4310 1007 4371; x_wconf 75' lang='lat' dir='ltr'>uae</span> <span class='ocrx_word' id='word_1_451' title='bbox 1019 4308 1177 4389; x_wconf 68' lang='lat' dir='ltr'>aptarem</span> <span class='ocrx_word' id='word_1_452' title='bbox 1188 4306 1263 4369; x_wconf 67' lang='lat' dir='ltr'>arr</span> <span class='ocrx_word' id='word_1_453' title='bbox 1296 4311 1303 4342; x_wconf 89' lang='lat'>·&#39;</span> <span class='ocrx_word' id='word_1_454' title='bbox 1320 4327 1326 4341; x_wconf 89' lang='lat'><strong>·</strong></span> 
     </span>
    </p>
   </div>
   <div class='ocr_carea' id='block_1_3' title="bbox 0 0 1392 4882">
    <p class='ocr_par' dir='ltr' id='par_1_3' title="bbox 0 0 1392 4882">
     <span class='ocr_line' id='line_1_52' title="bbox 0 0 1392 4882; baseline 0 0"><span class='ocrx_word' id='word_1_455' title='bbox 0 0 1392 4882; x_wconf 95' lang='lat' dir='ltr'> </span> 
     </span>
    </p>
   </div>
  </div>
 </body>
</html>
