2776 4882
274 760 899 893 aornoonrs
1020 680 1024 687 ¹

379 996 777 1115 TRACHINIAE.

466 1272 678 1314 ι--ο-ι
752 1262 756 1267 ’

104 1442 189 1514 nur.
209 1407 363 1513 Varus
382 1457 428 1511 et
447 1466 516 1511 une
535 1436 656 1521 uem
677 1450 831 1515 somnum
848 1466 900 1517 ee
911 1438 1098 1532 eternum,

64 1548 133 1613 epae
144 1536 182 1592 sit
193 1533 361 1593 mortalium
372 1532 430 1589 vita
443 1531 574 1607 pernosci
592 1549 653 1590 non
668 1550 760 1608 posse,
773 1533 886 1594 bonane
898 1554 937 1595 an
948 1537 1026 1599 mala
1035 1541 1099 1599 oui·

67 1630 166 1691 qnam,
178 1618 334 1689 antequam
346 1610 407 1671 fato
418 1609 535 1667 innotus
546 1608 642 1668 inerit.
677 1611 718 1669 At
730 1630 785 1689 ego
798 1614 886 1673 vitam
896 1632 1001 1684 meam,
1018 1619 1099 1693 prius

66 1692 155 1749 etiam
168 1706 256 1769 quam
274 1689 311 1746 ad
331 1688 442 1746 Orcum
453 1688 577 1754 veniam,
590 1697 635 1746 set
652 1689 711 1747 ecio
723 1691 867 1753 infelicem
879 1710 939 1751 esse
951 1701 981 1751 et
992 1682 1136 1767 aerum-k

67 1784 189 1842 uoram3
210 1785 275 1847 que
287 1767 403 1845 quidem
420 1772 541 1841 paterna
551 1766 584 1823 in
596 1765 685 1825 OEnei
697 1766 785 1826 domo
797 1769 930 1829 habitam
945 1770 1099 1842 Hemone,

66 1847 240 1912 tristissimo,
252 1847 278 1903 si
291 1863 348 1922 qua
362 1844 420 1902 alia
437 1842 548 1901 AEtolia
568 1844 661 1921 virgo,
673 1849 844 1921 nuptiarum
856 1854 938 1907 metu
948 1851 1036 1909 anxia
1045 1852 1099 1911 fui.

66 1922 174 1984 Prosus
186 1925 266 1981 enim
278 1918 439 1999 contigerat
451 1921 524 1979 mihi
541 1920 667 1986 Fluvios.
686 1925 847 1985 Acheloum
858 1925 934 1995 dico,
946 1924 998 2004 qui
1007 1928 1100 2005 tripli·
1116 1943 1160 2000 ιο

65 2000 262 2063 oemindutus
273 2000 398 2058 fonnem
409 1999 525 2075 petebat
537 2018 585 2058 me
601 2018 621 2059 a
638 2008 730 2076 patre,
742 2003 831 2061 modo
842 2010 942 2063 taurus
953 2008 1101 2083 ingressus

64 2080 246 2146 multatus,
259 2078 347 2136 modo
359 2080 452 2135 varius
463 2077 550 2135 draco
561 2080 707 2157 sinuosus&
717 2081 805 2139 modo
816 2074 892 2140 virili
902 2099 1024 2159 corpore
1035 2092 1101 2145 tau·

62 2160 164 2219 einum
175 2157 314 2215 subnixus
325 2162 429 2232 oapm3
451 2172 488 2214 ex
507 2155 620 2213 hirsuto
633 2164 732 2215 autem
752 2165 853 2218 mento
871 2160 926 2219 rivi
943 2163 1100 2221 manabant
1213 2162 1216 2167 '

61 2234 291 2298 sonantmale.
328 2234 394 2292 Tali
414 2232 546 2327 equidem
567 2232 710 2293 destinata
727 2253 833 2325 sponso
848 2238 961 2331 mirera,
973 2248 1100 2300 mortem
1116 2244 1158 2311 ιε,

60 2312 1138 2471 tillilgltltletlieltbllltililtrllittihi:,
1186 2413 1191 2435 ‚

60 2486 171 2548 maeque
183 2469 305 2547 inclytus
318 2468 402 2535 filius,
415 2468 466 2561 qui
478 2483 578 2544 pugna
594 2486 662 2526 oum
679 2487 716 2527 eo
732 2487 912 2547 congressus,
926 2490 974 2530 me
986 2470 1097 2534 liberat.
1112 2486 1157 2545 uo,

56 2550 107 2612 At
118 2548 216 2625 quales
228 2546 345 2624 quidem
352 2546 468 2619 ¹fuerint
478 2546 642 2604 certaminis
653 2546 729 2605 illius
740 2549 862 2616 labores,
875 2549 953 2610 haud
965 2552 1100 2629 equidem

57 2642 217 2697 enarrem3
232 2624 388 2682 suntenim
398 2624 571 2701 incomperti
581 2624 671 2696 mihi;
686 2634 718 2683 at
746 2628 889 2704 uiouuqus
898 2628 1008 2687 adsedit
1017 2639 1102 2691 metu

56 2702 394 2781 recommemorata
407 2711 513 2761 narret.
532 2701 600 2779 Ego
612 2704 690 2761 enim
739 2700 820 2763 eram
830 2707 1099 2777 metucontmbata,

55 2800 106 2845 ne
118 2782 192 2841 mibi
203 2781 289 2839 decus
297 2781 398 2839 formae
410 2779 540 2839 dolorem
551 2780 725 2838 conciretali
744 2782 857 2840 uaudor
888 2782 1020 2853 Tandem
1031 2805 1099 2847 rero
1113 2786 1156 2867 20

53 2860 259 2923 certaminum
271 2859 378 2917 arbiter
388 2859 506 2933 Jupiter
519 2859 631 2917 exitum
646 2859 726 2919 dedit
776 2879 857 2928 uum,
869 2861 894 2919 si
906 2862 995 2921 modo
1005 2864 1100 2924 bonus
1173 2929 1176 2934 ,

53 2940 125 3004 diei
139 2939 235 3015 possit.
273 2937 320 2996 lix
333 2954 390 3017 quo
401 2937 481 2995 eninr
499 2954 557 3005 me,
576 2943 716 3014 tanquam
730 2938 871 2997 eximium
882 2939 1008 3000 victorie
1024 2960 1100 3020 prm-

53 3018 173 3084 mium,
182 3016 356 3075 torisoeiam
368 3014 478 3091 aceepit·
488 3013 638 3081 Hercules,
648 3032 763 3090 semper
773 3033 821 3075 me
832 3016 905 3075 alius
916 3020 1021 3099 exialio
1029 3020 1098 3081 soli·
1265 3081 1269 3089 ,

51 3096 139 3159 citat
162 3102 264 3163 metus,
280 3094 359 3152 oriris
378 3093 416 3151 ob
435 3093 520 3152 illum
543 3092 669 3153 anxiam.
708 3092 778 3153 Nox
799 3095 878 3155 enim
892 3094 984 3162 affert.
995 3107 1028 3156 et
1039 3117 1099 3160 nox
1112 3110 1179 3182 θα·
1220 3129 1224 3139 ·

51 3172 195 3251 dispellit
212 3182 362 3251 angorem,
378 3172 471 3229 alium
484 3176 601 3231 mutans
612 3170 678 3230 elio.
716 3170 759 3229 Et
776 3189 845 3231 veru
864 3172 970 3235 liberos
988 3179 1098 3253 peperi,

54 3270 142 3335 quoa
154 3252 201 3329 ille
211 3250 292 3319 olim,
303 3268 358 3308 ceu
367 3250 418 3328 qui
428 3249 556 3326 procula
566 3248 671 3308 finibus
681 3248 793 3309 dissitos
801 3249 871 3309 oolit
878 3246 974 3331 agros,
984 3262 1100 3316 tantum

53 3330 205 3401 tementis
216 3328 347 3405 adspexit
358 3336 500 3404 tempore,
513 3334 545 3387 et
556 3328 654 3386 messia
665 3329 764 3388 semel.
781 3328 853 3388 Tale
864 3346 957 3407 mnne
968 3332 1035 3390 vitre
1046 3333 1098 3391 do-

54 3427 117 3477 mo
128 3408 236 3476 educit,
248 3407 426 3484 domumque
445 3405 557 3465 reducit
575 3407 681 3474 virum,
695 3425 812 3483 semper
821 3410 992 3480 servientem
1003 3411 1097 3471 alicui.
1111 3410 1153 3489 80

50 3486 267 3555 Nuncautem
285 3486 401 3563 quando
418 3484 555 3560 imposita
570 3482 632 3544 haee
650 3487 809 3544 certamIna
824 3486 916 3544 victor
927 3487 1098 3559 conteritis

52 3585 112 3631 me
125 3566 252 3624 maxine
261 3562 416 3623 conturbat
426 3568 533 3622 metus.
555 3560 603 3621 Ex
616 3563 674 3639 quo
685 3564 765 3622 eninr
776 3565 825 3621 ille
836 3564 967 3639 Iphitum
976 3566 1037 3624 leto
1048 3568 1099 3626 de·

8 3682 11 3687 -
55 3646 119 3711 dia
133 3660 188 3701 noe
200 3640 319 3721 quidem
329 3641 379 3700 bie
395 3643 426 3699 in
444 3640 588 3699 'I'raehine
607 3654 736 3700 extorres
757 3642 899 3718 hospitem
913 3644 992 3719 apud
1005 3645 1098 3707 virum
1113 3656 1158 3734 49

56 3722 248 3787 habitamus:
269 3720 368 3777 atille
390 3736 449 3798 quo
464 3718 568 3777 abierit
587 3736 675 3779 nemo
696 3720 791 3795 novit:
812 3719 964 3780 mihimne
975 3720 1100 3783 discessu

54 3818 118 3871 puo
130 3800 247 3858 acerbas
255 3794 359 3875 ‘injecit
370 3815 471 3869 ouras3
488 3793 609 3875 jamque
620 3797 830 3875 propemodum
841 3798 901 3856 seio
910 3802 979 3860 mali
990 3802 1100 3879 aliquid

60 3880 193 3938 evenisse
205 3876 257 3936 ilii.
297 3875 385 3934 Haud
397 3877 477 3933 enim
488 3875 575 3933 breve
587 3881 702 3952 tempus
714 3884 757 3935 est
764 3898 774 3948 3
795 3876 846 3935 sed
860 3873 924 3950 jam
936 3878 1100 3956 quindecim
1149 3918 1152 3923 «

60 3974 183 4021 menses
197 3954 343 4021 effitrxere
357 3970 410 4011 neo
428 3952 522 4012 ullum
534 3952 628 4012 adhuc
649 3953 732 4012 nobis
753 3955 864 4013 remisit
875 3952 1020 4015 nuntium.
1058 3959 1099 4016 lit
1113 3956 1158 4031 45·

8 4028 11 4059 ²
61 4036 172 4095 aoeidit
183 4033 314 4110 proferto
332 4032 427 4115 graiis
438 4032 509 4109 ‘quis
531 4048 629 4089 casura
650 4050 739 4110 usque
758 4033 831 4091 adeo
851 4033 1018 4102 reformido,
1030 4053 1100 4113 quaa
1146 4036 1150 4041 ’

63 4114 116 4173 me
127 4113 202 4172 mihi
213 4110 361 4177 disoedens
372 4108 488 4187 reliquit
499 4108 627 4178 tabellas,
640 4112 711 4193 qima
722 4118 756 4172 ut
770 4111 878 4191 absque
896 4129 974 4174 noxa
985 4131 1100 4190 aecepe-
1147 4140 1156 4183 4

63 4192 133 4273 rim,
146 4188 227 4254 Deos
238 4186 397 4255 ldeutidem
408 4202 520 4267 precor.
597 4270 622 4332 ᾖ
