2776 4882
324 264 388 349 'ni
710 273 970 367 anrroour,
1039 366 1042 373 Ι

246 448 308 511 8¹20
348 424 424 511 'cn
443 449 524 509 Vah!
547 468 635 529 quam
650 448 940 526 nimisgarrulusesl
1303 523 1311 533 ἱ

364 530 474 588 CUST.
493 530 606 587 'lamed
618 531 673 586 hoc
685 530 787 587 saltem
798 529 909 587 facinus
921 544 1072 618 nunquam
1084 530 1225 593 commisi.

345 626 349 633 ·
362 608 425 667 CR.
447 609 555 741 Utvus
568 608 683 685 argenti
695 608 830 684 cupidine
843 608 931 666 vitam
944 609 1107 685 projiciens.

363 686 471 783 oUs'l'.
518 686 572 745 ab!
597 687 706 745 malum
726 695 769 745 est
789 686 927 764 proiecto,
949 688 973 744 si
995 688 1156 765 suspiceris,
1175 688 1250 749 falsa
1268 690 1381 769 susp&

323 784 426 902 emilii.
445 844 492 902 De
514 845 673 921 suspicione
693 848 829 921 argutare
853 846 1052 922 quantumvis:
1072 845 1124 903 sed
1148 848 1205 905 nisi
1223 846 1286 907 bse'e
1307 790 1360 925 qui

248 932 307 989 325
324 922 446 1019 fecerim
465 924 672 990 monstrabitis,
685 925 797 999 experti
815 924 977 981 fatebimini
998 924 1082 992 malis
1100 942 1138 984 ex
1157 924 1353 1009 lummdamm

397 1022 417 1060 r.

321 1020 474 1139 'gllvlanST
493 1081 623 1139 Maxime
635 1080 703 1139 sane'
716 1080 802 1139 velim
814 1079 995 1140 inveniatur:
1016 1088 1149 1141 attamen
1166 1078 1350 1159 deprebensul

324 1160 414 1218 fuerit
427 1178 481 1219 nec
493 1178 540 1226 ne,
554 1160 609 1216 hoc
621 1162 700 1217 enim
712 1160 830 1217 fortuna
842 1157 1020 1233 dijudicabit,
1041 1178 1102 1218 non
1119 1166 1212 1217 estut
1223 1160 1315 1219 rimas
1323 1168 1348 1217 to

248 1245 309 1299 3³0
325 1256 373 1297 me
394 1240 452 1297 huc
471 1256 629 1298 reversum.
669 1238 788 1297 Etenim
808 1256 886 1296 nuuc
908 1246 1014 1313 praeter
1035 1257 1117 1315 spem
1137 1239 1349 1319 opimamque

324 1330 419 1377 meam
431 1326 569 1384 servants,
582 1318 715 1395 ingentes
728 1316 820 1375 debeo
832 1315 895 1373 Diis
906 1319 1023 1393 gratias.
1199 1342 1204 1349 ·

362 1396 429 1453 CH.
449 1396 546 1461 Multa
557 1399 674 1473 quidem
686 1405 755 1453 sunt
767 1395 928 1467 mirabilia3
951 1397 1022 1453 nihil
1035 1396 1235 1455 verobomine
1245 1394 1348 1455 minis

247 1477 307 1534 335
323 1475 378 1533 lius
391 1480 442 1534 est.
484 1476 631 1531 Continuo
650 1493 756 1532 canum
768 1475 848 1532 ultra
863 1481 989 1549 pontum
1010 1476 1171 1551 procelloso
1181 1476 1272 1533 flante
1290 1480 1350 1533 odd

322 1554 426 1621 fertur,
448 1553 712 1612 circumfrementes
734 1554 933 1611 transmittens
950 1554 1061 1612 linctus.
1100 1552 1179 1613 Tum
1196 1552 1350 1631 supremam,

247 1636 308 1696 840
323 1632 429 1699 Deam,
451 1633 598 1690 Tellurem
617 1631 820 1695 immortalem,
844 1632 1025 1698 indefessam,
1045 1640 1161 1691 exercet
1181 1630 1371 1697 circ'umaei'i·

323 1714 425 1769 aratris
438 1729 489 1787 per
501 1711 631 1787 singulos
644 1728 745 1777 annos,
758 1712 864 1789 equino
875 1718 984 1788 genere
997 1728 1120 1770 versans.
1139 1711 1264 1781 Levium
1273 1718 1350 1769 etu

247 1796 306 1851 ³45
323 1808 416 1867 genus
428 1790 525 1847 arium
539 1789 663 1847 cassibus
681 1790 891 1847 circumdatum
911 1790 1038 1856 abducit,
1058 1790 1274 1869 agrestiumque
1288 1790 1351 1867 iern-

324 1870 495 1935 rumsaecla,
509 1868 646 1945 pontique
663 1870 805 1926 marinam
825 1869 955 1926 sobolem
975 1870 1056 1925 nexis
1068 1870 1175 1927 retium
1187 1869 1307 1947 laqueis,
1316 1866 1351 1925 rie

247 1950 309 2014 850
323 1947 460 2023 praeditus
472 1947 604 2004 solertia:
619 1947 791 2025 edomatque
803 1947 914 2005 artibus
927 1955 1070 2023 agrestem
1083 1948 1210 2005 belluam
1218 1948 1349 2027 montin-

322 2045 402 2111 gam,
407 2022 600 2103 jubatumque
608 2044 716 2103 equum
726 2035 756 2083 et
765 2035 938 2083 montanum
947 2027 1121 2084 indomitum
1131 2018 1350 2163 taurumjffl

245 2100 264 2125 ¹·
323 2104 419 2163 subire
428 2107 517 2183 cogit,
527 2104 683 2162 cervicibus
695 2105 872 2180 impositum.
903 2106 983 2167 Quin
991 2104 1105 2162 dicendi
1114 2112 1220 2169 anem,
1229 2104 1347 2171 sub''',

247 2208 266 2264 3
269 2209 307 2265 55
323 2202 430 2261 umque
438 2201 538 2241 rerum
547 2178 697 2241 scientiam
709 2193 739 2241 et
749 2184 844 2241 civiles
854 2202 949 2242 mores
958 2183 1068 2250 didicit,
1079 2184 1241 2243 tumetum
1249 2180 1349 2243 inlabi*

322 2261 419 2320 tabilis
428 2264 554 2339 glacialis
563 2263 680 2339 frigoris
689 2263 883 2340 imbriumque
892 2261 1032 2321 subdialia
1041 2262 1219 2339 telafugere.
1240 2262 1349 2322 Adou-

247 2368 309 2422 330
323 2342 556 2417 niaingeniosus,
564 2342 657 2399 bituri
666 2342 809 2416 providus,
821 2341 857 2398 ab
865 2342 945 2399 omui
955 2342 1009 2397 sibi
1017 2350 1157 2416 praecavet
1167 2342 1261 2399 malo:
1273 2340 1348 2401 solim

322 2420 544 2503 Oroieffirgium
564 2421 694 2477 iuvenire
713 2437 774 2478 non
786 2421 878 2479 valet:
900 2420 1059 2477 difficilium
1078 2424 1178 2477 tamen
1191 2416 1348 2479 morborum

246 2526 306 2584 333
321 2500 450 2564 remedia
462 2499 644 2574 excogitavit.
685 2498 821 2565 Callidus,
841 2500 919 2556 ultra
936 2516 1023 2575 quam
1035 2499 1146 2573 sperari
1156 2500 1258 2573 possit,
1271 2496 1348 2577 quotl-

321 2579 362 2634 vis
375 2596 448 2654 opus
460 2578 583 2637 artificio
596 2576 743 2653 perlicere,
756 2577 845 2634 modo
857 2579 974 2641 bonum,
991 2577 1079 2634 modo
1090 2594 1214 2652 prauam
1227 2586 1347 2637 sectatu.

321 2656 417 2733 leges
430 2656 582 2713 observans
600 2656 713 2730 patriae,
733 2654 914 2751 vindicesque
933 2652 1126 2743 jurisjurandi
1144 2655 1253 2715 veritus
1271 2656 1346 2721 Dea,

247 2735 500 2825 3700ivib11ssuis
517 2735 675 2791 honoratus
692 2740 752 2791 est:
773 2740 804 2789 at
825 2735 939 2791 civitate
959 2734 1064 2811 dignm
1084 2734 1160 2805 ejici,
1174 2733 1199 2790 si
1217 2736 1281 2814 quis
1295 2736 1346 2793 sim

322 2814 382 2870 ullo
394 2814 510 2871 honesti
525 2820 656 2889 respectu
669 2813 705 2869 ad
718 2830 806 2870 omne
823 2813 934 2870 facinus
951 2822 995 2869 est
1011 2811 1121 2871 audax:
1143 2830 1199 2870 uec
1210 2814 1287 2875 idem
1296 2828 1347 2871 me·

247 2918 307 2982 375
322 2909 390 2955 cum
400 2896 513 2950 'tectum
525 2894 635 2958 subeat,
649 2909 702 2948 nec
715 2910 830 2949 mecum
842 2891 972 2948 conferat
983 2892 1114 2959 consilia,
1127 2892 1179 2968 qui
1190 2910 1222 2949 se
1232 2892 1270 2951 ad
1282 2894 1345 2949 bunc

322 2971 442 3030 modum
454 2972 539 3054 gerit.
572 2971 612 3029 At
623 2971 660 3028 ad
674 2970 742 3051 quid
754 2971 809 3027 hoe
821 2986 882 3027 esse
893 2970 988 3039 dicam
1001 2972 1108 3027 mirum
1120 2972 1286 3031 ostentum?
1302 2968 1345 3027 dni

321 3050 387 3107 bius
404 3052 516 3107 haereo:
540 3052 592 3128 qui
613 3058 715 3128 potero
737 3048 844 3107 infitias
862 3050 906 3107 ire
924 3049 1008 3120 hanc,
1024 3065 1111 3125 quam
1123 3049 1208 3107 video
1224 3046 1344 3127 pueliam

246 3120 308 3211 ’330
321 3118 500 3206 liutigonam
512 3130 592 3187 esse?
608 3129 635 3185 O
648 3129 762 3193 misera,
775 3124 806 3186 et
815 3128 923 3186 -misiro
936 3138 1017 3204 patre
1027 3126 1173 3202 OEdipode
1186 3136 1264 3195 nata,
1276 3122 1345 3205 quii·

323 3226 392 3267 nam
406 3207 483 3265 istud
496 3208 560 3264 est?
581 3209 667 3264 Anne
683 3213 714 3264 te
735 3208 784 3265 isti
800 3204 947 3265 adducunt
963 3208 1040 3285 regis
1052 3206 1177 3283 imperio
1192 3208 1265 3267 imm
1296 3206 1303 3221 '

250 3346 253 3351 ,
322 3307 396 3354 ram,
409 3294 439 3344 et
451 3288 483 3343 in
496 3287 606 3344 amenti
618 3287 828 3361 deprehensam
839 3288 929 3343 auso?
1026 3290 1029 3295 “
1243 3316 1246 3321 -

248 3366 304 3449 ‘w
362 3363 471 3425 CUST.
493 3364 565 3421 Haec
584 3372 629 3422 est
649 3366 708 3430 illa,
722 3382 787 3442 quae
808 3364 920 3421 facium
944 3364 1084 3439 patravit:
1105 3365 1200 3440 ipsam
1216 3366 1290 3431 bane
1303 3360 1344 3421 de·

289 3412 306 3446 δ
322 3445 527 3583 μτεὲιξιυάἒιέυε
540 3444 735 3580 εερεΙὶειέεπι.
777 3442 834 3500 Sed
846 3442 896 3499 ubi
909 3452 953 3500 est
965 3442 1088 3579 {iliteonfs³
1229 3460 1235 3469 ·
1355 3510 1363 3533 ι

420 3568 427 3582 .
490 3540 590 3580 cumo
630 3538 812 3579 ounerurs
880 3539 913 3577 ro
1010 3539 1046 3579 ur
1088 3538 1143 3583 ms.
1338 3534 1342 3541 ·

362 3602 424 3661 CR.
446 3603 524 3667 Quid
537 3607 580 3658 est
590 3542 735 3681 ippEcquid
747 3538 1001 3677 comtitgipsffex
1013 3599 1179 3659 sententia?
1249 3606 1263 3637 ³·

362 3682 472 3745 CUST.
493 3680 568 3747 Rex,
594 3679 764 3743 mortalibus
789 3678 863 3736 nibil
885 3689 928 3736 est
941 3675 1166 3749 ‚abjuranduma
1191 3696 1272 3739 nam

292 3831 294 3836 ‚
322 3758 403 3838 prius
415 3761 514 3817 animo
530 3760 664 3817 sederant
686 3776 808 3835 sequens
829 3760 933 3815 evertit
949 3758 1105 3834 cogitatio:
1128 3758 1304 3839 quandoqul
1339 3760 1342 3765 '

247 3859 310 3927 390
324 3839 503 3906 confidenter
515 3856 570 3915 ego
581 3838 799 3921 spopondissem
820 3854 970 3913 nunquam
990 3854 1037 3892 me
1056 3838 1113 3893 bue
1131 3836 1301 3909 rediturum,
1316 3832 1347 3893 ol

320 3920 417 3977 minas
430 3926 494 3972 tuas
506 3917 579 3981 ilias,
593 3918 695 3993 quibus
707 3934 756 3972 me
767 3922 854 3972 antea
870 3915 1057 3972 conturbasti.
1096 3914 1299 3975 Verum-nulla
1307 3922 1349 3971 'ro-

324 4000 420 4071 luptas
433 4004 478 4052 est
489 4002 580 4060 tanta,
594 4014 681 4075 quam
694 4014 759 4070 quae
772 3994 931 4069 percipitur
943 4013 980 4049 ex
992 3994 1137 4071 insperato
1145 3996 1274 4069 gaudioe
1291 3996 1351 4073 ptol

250 4092 309 4152 395
325 4076 393 4134 inde
403 4075 496 4135 venio,
507 4074 573 4130 licet
582 4081 762 4129 sacramento
771 4068 973 4144 abjuraverim,
986 4071 1112 4145 puellam
1120 4072 1352 4149 hancadduoeat,

325 4173 390 4233 quae
402 4153 582 4226 deprehensa
593 4161 636 4207 est
649 4152 778 4219 cadaveri
791 4151 968 4226 sepulturam
985 4166 1098 4225 parans.
1137 4150 1271 4211 Sors-bie
1282 4148 1355 4227 jseu
1369 4180 1372 4185 ·

325 4232 470 4292 nonfuit:
491 4229 541 4287 sed
554 4248 653 4287 meum
665 4240 718 4294 est,
738 4246 799 4285 non
820 4228 903 4291 allus,
918 4228 1056 4306 quidquid
1069 4228 1357 4291 nuntium-hoelierl

320 4312 433 4382 ,afferet
472 4308 514 4383 Et
527 4307 614 4378 nude,
628 4326 689 4377 rex,
703 4309 778 4373 banc
794 4308 855 4391 ipse
867 4309 1038 4391 prebeusaiir
1052 4309 1215 4388 interroga,-
1225 4318 1262 4371 ut
1272 4310 1362 4425 Μοῖρ’
