2776 4882
311 270 373 333 tat
684 252 978 329 TRACHINIAE.

310 436 419 493 tabella
428 432 582 494 indelebile
594 436 744 511 scriptum.
783 436 824 494 Et
836 437 898 494 haec
908 441 991 493 erant
1001 434 1234 509 metonomia,
1246 428 1343 511 eiam!

310 515 473 579 etiamsed,
484 516 560 571 virus
571 524 604 571 ut
615 516 671 571 hoc
682 516 784 590 procul
793 515 829 572 ab
838 517 916 591 igne,
930 513 1091 591 tepidisque
1100 512 1168 569 solis
1175 510 1264 569 radiis
1271 524 1340 569 sem·

250 660 252 666 Α
310 609 364 667 per
379 594 564 659 inaccessum,
583 594 692 650 intimis
711 610 852 651 servarem
874 595 906 650 in
925 591 1128 667 penetralibus,
1141 590 1235 647 donec
1246 604 1336 647 muer!

234 674 296 731 690
311 670 469 727 adunctum
482 672 579 748 aliquo
589 672 789 747 applicandum
800 681 883 730 esset.
902 671 943 727 Et
954 672 1014 727 haec
1024 672 1079 726 rite
1088 668 1253 727 obsecrari:
1268 676 1335 725 nant

310 758 419 815 autem,
433 768 523 825 quum
537 768 604 806 usus
617 752 750 816 venisset,
763 752 842 807 intus
854 752 885 807 in
898 750 1025 807 conclavi
1037 749 1111 806 clam
1124 747 1197 805 unxi
1206 744 1333 809 taniam

310 825 377 883 iana
389 836 477 884 utens
489 846 505 883 e
518 845 598 885 caesae
611 829 726 903 pecudis
739 829 852 895 vellere,
871 829 1006 904 illamque
1018 826 1221 901 complicatam
1232 824 1265 881 iu
1275 822 1333 881 cleta

236 908 294 964 695
310 905 428 961 condidi
439 907 506 963 solis
519 907 657 964 intactam
670 908 766 973 radiis,
779 907 923 984 donoque,
945 916 979 964 ut
996 905 1113 971 vidistis,
1126 898 1333 965 uniuersali
1376 905 1388 998 p

311 983 469 1058 Postquam
481 992 578 1041 autem
592 986 671 1041 intro
680 985 761 1048 redii,
771 986 853 1043 rideo
863 1003 924 1042 rem
937 984 1097 1049 infandam,
1107 992 1334 1060 quamquem
1376 1009 1388 1052 p

311 1072 410 1119 mente
422 1064 572 1136 concipere
585 1065 683 1138 possit.
705 1063 792 1120 Forte
801 1066 879 1121 eninr
890 1065 1041 1121 avulsame
1054 1060 1163 1138 pecude
1171 1060 1280 1125 lanam,
1288 1072 1334 1135 φ
1376 1061 1388 1154 ξ

311 1142 440 1195 tunicam
463 1158 664 1214 perunxeram,
684 1139 862 1216 projeceram
876 1143 1004 1199 medium
1016 1141 1049 1197 in
1070 1146 1202 1216 teporem
1221 1136 1333 1195 coliem·
1376 1167 1388 1228 l

236 1223 297 1284 700
311 1218 436 1284 diorum,
451 1236 514 1293 quae
528 1221 648 1276 simulac
661 1222 813 1286 concaluit,
827 1220 933 1277 diffluit
950 1226 1011 1276 tota
1028 1218 1196 1295 nescioquo
1207 1214 1334 1281 modaet

312 1298 491 1354 comminuta
512 1297 649 1355 dilabitur
665 1300 755 1360 humi,
772 1301 903 1374 proxime
922 1298 958 1355 ad
973 1315 1038 1354 eam
1056 1296 1191 1362 formam,
1204 1290 1334 1431 pualssui,

298 1374 426 1431 scobem
440 1376 544 1439 videas,
558 1377 635 1452 quod
648 1394 726 1434 serra
735 1384 856 1434 secatur.
897 1373 1101 1454 Sicquejacuit
1114 1374 1197 1431 humi
1228 1370 1332 1441 ecidmt

237 1456 296 1517 705
313 1460 342 1509 at
355 1470 371 1508 e
384 1454 456 1519 solo,
469 1454 520 1510 ubi
532 1452 662 1529 projecta
673 1464 745 1520 erat,
759 1454 895 1513 effervent
914 1456 1031 1513 builosae
1043 1470 1164 1529 spumae,
1176 1444 1257 1509 haud
1266 1462 1335 1509 secu

313 1549 346 1588 ac
365 1532 389 1587 si
412 1541 533 1589 maturae
553 1551 616 1590 uvae
635 1535 751 1610 pinguis
769 1535 864 1611 liquor
875 1536 906 1591 in
924 1540 1033 1591 terram
1048 1530 1224 1601 effundatur,
1239 1542 1336 1607 emta

312 1609 429 1667 Baccho
454 1612 520 1667 vite.
561 1612 748 1687 Quapropter
764 1614 865 1685 nescio·
877 1614 982 1669 misera
1000 1611 1069 1688 quid
1087 1610 1185 1686 potius
1204 1608 1335 1685 cogitent

312 1704 401 1745 cerno
408 1690 487 1746 enirn
499 1706 546 1745 me
559 1691 668 1746 facinus
680 1692 806 1747 immane
818 1700 1005 1766 perpetrasse.
1039 1688 1126 1747 Unde
1138 1688 1228 1753 euim,
1241 1698 1338 1763 qm,
1358 1712 1362 1719 ·

238 1768 299 1830 710
314 1784 405 1843 quave
417 1769 513 1842 gratia
524 1769 649 1824 moriens
662 1769 710 1825 ille
722 1768 839 1825 semifer
857 1771 930 1826 mihi
946 1776 1095 1843 prestaret
1106 1763 1339 1829 benevolentiam.

314 1861 379 1921 quae
391 1832 483 1925 nolus
495 1845 538 1901 illi
551 1864 636 1902 causa
648 1864 728 1903 cram
740 1850 749 1902 l
771 1847 841 1904 Non
859 1850 902 1905 ita
919 1857 979 1903 est:
1001 1846 1052 1903 sed
1063 1863 1133 1903 eum
1145 1860 1233 1923 aquo
1242 1842 1342 1921 sagitta

313 1919 453 1993 trajectus
464 1924 559 1979 iuerat
573 1925 693 1997 perdere
706 1926 833 2000 cupiens,
851 1945 899 1983 me
916 1925 1068 1995 delenivit;
1088 1924 1166 1999 quod
1177 1938 1236 1999 ego
1246 1920 1340 1985 terli!-

315 2018 406 2078 quum
419 2002 494 2057 nihil
505 2003 627 2076 amplius
642 2004 766 2077 prodest,
779 2006 909 2061 animum
923 2004 1049 2061 adverto.
1069 2002 1137 2059 Sola
1149 2002 1230 2061 euim
1241 2000 1341 2077 imum,
1375 2038 1378 2043 ·

239 2080 299 2141 rte
315 2080 371 2137 nisi
379 2097 429 2137 me
437 2080 511 2137 nuit
520 2083 673 2148 sententia,
681 2084 845 2158 egoinfelia
854 2083 966 2156 penitus
976 2081 1207 2157 perditurasum.
1234 2078 1344 2155 Quint!

315 2159 392 2224 novi,
405 2166 438 2215 ut
453 2159 528 2214 illius
540 2177 608 2216 arcu
621 2162 725 2218 emissa
735 2162 842 2235 sagitta
854 2161 1011 2218 Chironem
1021 2160 1089 2216 licet
1098 2158 1294 2237 immortalem
1302 2158 1344 2215 in·

313 2236 465 2293 tolerando
478 2237 604 2294 affecerit
616 2238 725 2304 dolote,
736 2250 827 2315 utque
843 2246 963 2315 pereant
978 2238 1138 2295 animantia
1148 2236 1259 2303 omum,
1270 2252 1345 2313 φυ-

315 2328 429 2392 cunque
441 2316 498 2373 illae
509 2317 670 2393 attingunt.
708 2317 770 2380 Qui
781 2335 853 2394 ergo
865 2318 922 2375 atri
934 2317 994 2374 tabi
1006 2318 1093 2383 vina,
1104 2314 1182 2391 quod
1194 2332 1213 2373 e
1223 2314 1280 2373 feti
1288 2312 1344 2371 vul·

238 2393 300 2454 700
317 2411 385 2451 nere
398 2395 491 2460 fluxit,
504 2395 585 2452 hunc'
595 2397 683 2452 etiam
696 2413 757 2453 non
769 2396 936 2457 interimet?
957 2396 998 2451 sic
1010 2394 1140 2469 profecto
1151 2392 1285 2451 furtatum
1294 2398 1344 2459 etl,

314 2473 420 2549 siquid
433 2482 511 2529 recte
522 2475 615 2530 video.
635 2474 738 2550 ltaque
747 2475 838 2532 lixum
851 2475 949 2531 animo
960 2472 1049 2536 sedet,
1062 2472 1112 2531 ille
1128 2472 1157 2529 ei
1173 2471 1302 2548 perierit,
1311 2474 1345 2537 ul
1374 2464 1384 2477 ⁸

315 2551 388 2608 nihii
400 2559 513 2608 morata
523 2554 698 2609 commoriar
714 2553 810 2611 simul
851 2553 955 2609 Vivere
974 2552 1053 2609 enim
1068 2568 1137 2609 cum
1152 2550 1273 2609 infautia
1288 2564 1344 2607 naa

315 2628 467 2687 ferendum
480 2638 524 2685 est
536 2631 661 2695 mulieri,
674 2648 738 2707 qua
750 2631 827 2687 bona
839 2630 936 2688 indole
949 2638 1018 2686 nata
1029 2630 1090 2686 vult
1101 2626 1202 2687 rideri.
1258 2646 1273 2707 Ἰ

232 2706 299 2769 715
355 2705 419 2764 CH.
439 2707 564 2765 Necesse
576 2708 692 2784 quidem
704 2715 747 2764 est
760 2709 869 2766 atrocia
880 2709 956 2766 facta
967 2706 1142 2780 formidem
1156 2706 1209 2767 sed
1220 2713 1289 2765 ante
1297 2718 1342 2763 ax·

315 2785 391 2847 itum
403 2803 468 2859 spes
480 2782 641 2857 abjicienda
654 2803 714 2843 non
724 2793 776 2844 est.

235 2914 246 2935 ,
355 2863 435 2921 DEI.
455 2863 525 2920 Non
538 2865 613 2921 inest
626 2865 708 2923 malis
720 2866 752 2925 in
764 2864 889 2926 consiliis
909 2882 973 2945 spes
990 2865 1038 2923 vel
1054 2863 1264 2943 minimaque
1275 2860 1342 2921 ddu-

211 2988 214 2993 -
316 2943 390 3003 cum
402 2942 528 3019 aliquam
542 2951 667 3018 praestet.
1244 2950 1247 2955 '
1297 2942 1302 2949 '
1364 2980 1368 2987 -

242 3019 303 3081 780
356 3020 420 3078 ΟΗ.
444 3021 499 3077 Sed
511 3023 544 3078 in
562 3041 620 3087 eos,
634 3024 684 3099 qui
700 3041 761 3080 non
773 3029 877 3101 sponte
896 3018 1121 3099 poeniuntur
1137 3018 1339 3083 ammiates

318 3100 432 3177 qualem
446 3108 481 3157 tu
494 3103 618 3175 experiri
630 3101 720 3178 digna
732 3120 771 3159 es.
1232 3106 1241 3117 '

356 3178 438 3238 DEI.
458 3178 505 3235 lta
520 3180 600 3255 loqui
619 3181 702 3246 s'olet,
724 3198 786 3238 non
807 3181 858 3255 qui
880 3179 951 3238 mali
971 3177 1115 3256 particeps
1131 3183 1186 3245 eet,
1198 3174 1251 3235 sed
1263 3186 1340 3255 quent

317 3258 398 3316 nulls
411 3258 515 3331 premit
527 3257 641 3314 sceleris
653 3258 839 3315 conscientia.
1145 3326 1148 3331 y
1171 3264 1176 3271 '

358 3334 423 3394 CH.
444 3336 539 3392 Satius
556 3337 610 3392 tibi
628 3336 716 3392 fuerit
734 3338 813 3392 hunc
833 3351 997 3392 sermonem
1013 3332 1197 3409 abrumpere,
1209 3331 1266 3391 nisi
1281 3324 1340 3409 qnid

243 3414 302 3475 285
319 3416 373 3475 hac
385 3414 421 3472 de
433 3431 465 3470 re
479 3414 539 3471 filio
551 3421 603 3470 tuo
615 3414 709 3470 dicere
720 3413 805 3477 velis:
827 3430 928 3471 eccum
941 3413 1020 3471 enim
1032 3411 1123 3480 adest,
1135 3410 1287 3488 quattuor
1297 3422 1340 3493 μς
1368 3416 1378 3479 ,’

319 3502 394 3553 trem
409 3494 460 3569 qui
472 3509 565 3567 nuper
576 3493 656 3550 abiit.
1275 3556 1279 3565 ,

358 3571 482 3631 HYLL.
503 3572 531 3629 O
543 3580 646 3636 mater,
659 3577 695 3628 ut
706 3587 743 3629 ex
753 3570 846 3630 tribue
856 3569 909 3628 ‘his
925 3587 1020 3635 unum
1035 3567 1109 3627 mihi
1126 3568 1282 3645 contigisse
1291 3562 1343 3623 rel·
1382 3602 1385 3607 -

319 3652 389 3717 lem,
399 3648 444 3707 vei
453 3659 482 3707 te
492 3668 552 3708 non
564 3650 689 3725 amplius
697 3650 729 3706 in
737 3651 806 3707 vivis
815 3667 886 3715 esee,
895 3648 942 3705 vel
950 3647 1136 3727 superstitem
1145 3644 1220 3705 alius
1230 3652 1343 3705 marna

320 3731 425 3791 vocari.
439 3730 483 3786 rel
502 3731 616 3846 meliori
634 3736 734 3786 mente
752 3746 827 3795 eam,
841 3746 905 3805 quae
918 3744 996 3785 nuuc
1009 3726 1089 3784 adest
1102 3725 1166 3793 tibi,
1178 3718 1345 3785 cuicuimodi

321 3818 528 3865 commutasse.
1379 3824 1382 3829 ·

245 3884 306 3949 740
360 3885 440 3943 Dlil.
461 3886 539 3948 Quid
551 3887 692 3952 commisi,
705 3884 724 3944 ὁ
737 3892 815 3949 nete,
828 3891 912 3942 tanto
923 3883 1046 3961 dignum
1058 3883 1146 3941 odio?
1245 3920 1250 3925 -

361 3962 485 4022 HYLL.
506 3960 669 4040 Conjugem
682 3973 776 4028 tuum,
786 3965 881 4040 ipsum
900 3962 973 4020 adeo
984 3963 1104 4040 inquam
1116 3971 1232 4037 patrem
1244 3974 1348 4025 meum

322 4042 395 4101 scito
407 4050 437 4099 te
449 4042 503 4099 hac
515 4042 562 4098 die
575 4043 735 4116 peremisse.

360 4119 443 4181 DEI.
463 4119 523 4177 Hei
535 4118 622 4176 mitri!
646 4129 723 4186 nate,
736 4116 887 4192 cujusnam
899 4119 943 4177 rei
954 4117 1038 4177 affers
1049 4119 1209 4179 nuntium?
1295 4138 1299 4145 ·

246 4196 326 4281 7⁴15-
361 4198 485 4259 HYLIa
504 4200 578 4261 Quae
591 4199 654 4255 lieri
666 4201 766 4275 nequit
779 4207 811 4256 ut
824 4214 884 4255 non
897 4199 1034 4260 evenerit.
1057 4197 1145 4267 Quod
1153 4196 1354 4266 euimiautun

323 4278 522 4373 atumem
533 4276 774 4370 quatiniemum
785 4276 927 4347 reddere?
1305 4320 1309 4327 .
1340 4298 1343 4305 ·
