2776 4882
289 298 357 358 θοι
743 286 880 360 sJAx.

315 462 387 522 .AJ.
407 456 455 520 Ne
469 464 600 539 querito,
615 479 653 522 ne
665 471 812 522 scrutare:
834 460 976 525 decuscst
991 465 1044 525 tibi
1058 464 1208 528 modestia.

332 541 454 599 recu.
476 543 535 598 uu
549 543 640 600 mrsu
664 563 751 620 quam
773 545 906 602 animum
921 545 1105 621 despondeo!
1127 548 1242 626 Parme
1256 536 1347 608 neot-

293 628 324 680 te
336 621 476 685 obtestor,
491 640 599 698 perque
612 629 697 680 tuum
707 631 842 698 gnatum,¹
858 642 895 680 ne
908 634 960 681 nos
974 626 1122 699 proditum
1136 644 1192 685 cas¹

214 701 279 772 590
333 701 386 759 AJ.
406 700 503 758 Nimis
513 702 630 776 quidem
642 703 766 759 molesta
777 720 818 760 es.
858 704 907 761 An
919 705 1011 762 nescis
1021 723 1068 761 me
1081 707 1163 764 omni
1175 722 1247 785 erga
1255 704 1339 765 Deua

248 840 253 845 ,
291 780 390 851 4οῆὶοίο
400 780 532 836 solutum
545 781 627 838 esse?

328 856 454 917 TECM.
474 858 557 915 Bene
570 860 700 916 ominata
711 858 845 938 loquere,

331 938 388 995 AJ.
410 937 604 996 Audientibus
617 955 711 997 narra.
975 992 979 997 .

328 1017 453 1076 TECM.
473 1015 589 1075 Morem
603 1034 674 1093 ergo
687 1033 748 1076 non
759 1017 863 1093 geres?

331 1096 386 1154 AJ.
408 1095 505 1152 Nimis
518 1098 613 1155 multa
622 1092 686 1167 jam
698 1096 801 1171 garris.

331 1174 454 1232 TucM.
476 1172 581 1233 Metuo
593 1177 682 1238 enim,
696 1176 714 1231 ὀ
727 1193 787 1232 rex.

331 1254 386 1314 AJ.
407 1254 488 1315 Quin
500 1254 672 1312 concluditis
683 1253 764 1312 illam
778 1254 880 1312 ocius?

331 1329 454 1391 TECM.
476 1333 533 1391 Per
545 1333 635 1396 Deos,
647 1333 781 1390 animum
793 1333 884 1391 molli.
1212 1392 1214 1396 ,

217 1408 277 1483 595
332 1411 386 1470 ΑΙ.
407 1410 463 1471 Nae
476 1430 579 1486 parum
590 1412 663 1469 mihi
676 1411 779 1469 videris
788 1429 898 1489 sapere,
908 1411 932 1471 si
942 1428 1023 1472 meos
1035 1429 1131 1472 mores
1141 1406 1338 1486 jam-tandem

292 1491 408 1550 erudire
421 1509 456 1548 co
478 1492 539 1550 ites.

331 1568 399 1627 CH.
420 1509 564 1646 Oignclyta
583 1568 713 1635 Salamis,
726 1569 801 1626 mari
813 1561 999 1638 circumfusa,
1012 1578 1046 1628 tu
1059 1588 1138 1629 nunc
1158 1569 1276 1649 quidem
1289 1571 1341 1631 ine

216 1644 279 1701 600
293 1649 395 1706 coleris
407 1648 488 1714 felis,
501 1649 612 1707 cunctis
625 1648 787 1723 spectabilis
808 1666 940 1724 semper:
963 1661 1019 1727 ego
1032 1668 1100 1707 vero
1118 1650 1206 1708 miser
1214 1646 1345 1724 jamia-1
1359 1709 1361 1713 .

294 1729 365 1797 dum
377 1727 454 1804 dego
467 1727 550 1785 ldaeis
571 1727 603 1794 in
615 1727 738 1802 pascuis,
753 1728 833 1784 nullo
851 1728 967 1786 habitus
987 1747 1120 1795 numero,
1138 1746 1253 1805 semper
1274 1729 1339 1787 rol·

216 1803 278 1869 ,605
294 1806 427 1864 ventibus
445 1808 528 1863 annis
551 1808 677 1869 attritus,
692 1805 799 1864 malam
818 1807 913 1864 adhuc
933 1826 1015 1883 spem
1032 1808 1142 1875 fovens,
1162 1808 1226 1878 fore
1238 1816 1274 1867 ut
1286 1807 1340 1865 de·

251 1890 257 1895 “
294 1878 376 1955 mum
398 1885 523 1961 migrem
546 1885 582 1942 ad
603 1885 807 1942 detestandum
829 1886 1015 1944 tenebrosum
1037 1886 1156 1946 Orcum.
1205 1886 1253 1944 Ad
1273 1887 1341 1945 haee

218 1959 279 2018 610
294 1965 435 2038 malahoc
444 1965 533 2022 etiam
543 1963 662 2030 accedit,
676 1971 814 2040 tanquam
826 1966 972 2022 tertiarius
982 1965 1063 2023 adest
1072 1965 1238 2023 insanabilis
1247 1962 1344 2038 iliae,¹

293 2042 343 2100 hei
363 2041 454 2100 mihil
485 2043 623 2101 divinitus
644 2043 774 2099 immisso
794 2052 942 2119 correptus
963 2044 1081 2115 furore,
1106 2062 1193 2121 quem
1214 2044 1340 2103 emisisti

126 2122 129 2127 '
216 2116 277 2181 515
294 2120 366 2189 olim
378 2120 494 2193 Martiis
506 2123 646 2180 victorem
665 2121 787 2198 praeliis:
810 2140 888 2180 nuuc
901 2132 1003 2180 contra
1025 2124 1131 2180 mentis
1143 2140 1204 2180 sure
1225 2121 1339 2187 devius,

240 2242 249 2265 ,
293 2200 393 2272 amicis
405 2201 509 2279 ingens
523 2201 635 2265 exstitit
653 2200 765 2259 luctus:
788 2201 887 2276 priora
899 2214 999 2260 autem
1019 2202 1154 2261 maximae
1168 2202 1283 2259 virtutis
1293 2200 1344 2261 fa-'

216 2275 279 2330 ⁶20
294 2280 393 2338 cinora
406 2279 483 2356 apud
495 2282 625 2357 ingratos
637 2280 755 2357 ingrata
766 2280 905 2348 cecidere,
918 2280 1023 2338 stultos
1035 2280 1159 2339 Atridas.
1183 2278 1338 2339 Nimimm

216 2353 276 2409 625
294 2359 410 2436 quando
422 2360 509 2418 illum
522 2367 616 2417 mater
627 2360 767 2435 longaeva
781 2376 855 2417 cano
867 2360 999 2417 confecta
1019 2361 1112 2426 senio,
1126 2358 1224 2418 audiet
1234 2366 1341 2417 mente

293 2446 411 2515 captum
433 2446 585 2515 aegrotare,
600 2439 750 2514 vulgarem
762 2438 842 2496 haud
862 2439 949 2496 faciet
961 2440 1077 2504 lessam,
1091 2457 1145 2497 nec
1165 2436 1344 2496 miserabilis

215 2511 278 2568 630
293 2518 424 2587 lusciniae
431 2519 599 2576 luctuosum
611 2535 729 2574 carmen
741 2518 854 2575 occinet
867 2518 977 2583 infelix,
985 2517 1034 2575 sed
1047 2519 1078 2574 in
1088 2514 1227 2576 clamosos
1236 2534 1343 2583 erum-³

294 2609 345 2670 pst
356 2593 498 2668 ejulatus:
521 2607 642 2653 tunsum
654 2594 789 2652 manibus
807 2597 922 2653 sonabit
943 2604 1055 2672 pectus,·
1066 2610 1203 2674 canaeque
1225 2594 1341 2654 lacera-

216 2668 276 2728 ,635
293 2675 405 2746 buntur
417 2693 516 2733 comae.
556 2675 673 2749 Quippe
689 2675 779 2730 satius
791 2682 836 2739 est
856 2675 933 2751 Orci
946 2674 1043 2740 condi,
1061 2692 1148 2753 quam
1168 2674 1347 2734 immodicas

293 2753 346 2810 bili
358 2754 462 2813 morbo
473 2753 587 2831 agitari,
602 2753 652 2830 qui
666 2754 781 2828 paterni
793 2755 909 2830 generis
929 2754 1081 2811 nobilitate
1099 2762 1238 2831 praestans
1251 2754 1342 2813 forti·

218 2826 278 2879 640
293 2831 349 2890 bus
360 2832 484 2901 Achivis,
500 2851 560 2890 non
572 2832 697 2907 amplius
710 2832 833 2890 inhaeret
848 2834 993 2890 consuetis
1008 2833 1149 2900 moribus,
1170 2832 1221 2891 sed
1240 2850 1341 2897 versae

293 2919 343 2972 tur
354 2917 446 2973 extra.
485 2911 611 2972 Omiser
622 2911 749 2987 genitor,
764 2910 856 2988 qualis
870 2920 899 2969 te
912 2921 1012 2971 manet
1025 2911 1169 2969 audienda
1180 2912 1244 2968 nati
1257 2912 1339 2970 into-

217 2980 277 3055 045
292 2989 419 3048 lerabilis
432 2991 590 3061 calamitas,
603 2987 768 3063 cujusmodi
780 2990 861 3048 nulla
873 2991 1022 3070 hucusque
1035 2990 1103 3049 tulit
1112 2999 1182 3050 aetas
1195 2990 1340 3065 AEacidis,

292 3076 488 3147 praeterquam
500 3069 569 3127 huic
582 3071 636 3128 uui
648 3071 710 3127 viro
722 3068 730 3125 t

331 3148 386 3209 Μ.
406 3149 515 3215 Omnia
527 3149 652 3225 longum
670 3148 876 3225 infinitumque
887 3155 1002 3224 tempus
1016 3149 1125 3225 promit
1136 3148 1167 3207 in
1179 3147 1279 3209 lucem
1287 3166 1339 3208 oc·

291 3228 381 3297 culta.
395 3229 549 3306 palamque
561 3229 638 3287 facta
648 3228 772 3286 occulit:
794 3245 849 3295 nec
862 3235 906 3286 est
916 3229 1084 3305 quidquam,
1095 3226 1174 3306 quod
1183 3226 1248 3297 fieri
1257 3226 1340 3289 haud

292 3325 376 3385 posse
388 3314 491 3383 putes:
504 3306 564 3366 'sed
584 3307 709 3364 vincitur
728 3308 820 3365 etiam
837 3303 1031 3379 jurisjurandi
1051 3306 1164 3383 religio,
1178 3314 1209 3364 et
1228 3310 1340 3367 meniis·

217 3377 489 3458 6500astinarae1s
511 3403 553 3460 qr.
593 3385 729 3463 Namque
751 3387 883 3463 eg0„qui
905 3386 1017 3444 dudum
1036 3386 1225 3447 vehementer
1244 3384 1340 3447 obdu}

292 3483 422 3537 rueram,
434 3473 470 3539 ut
494 3482 678 3542 enumaqua
689 3465 827 3530 tinctum,
840 3460 919 3538 nilne
943 3464 1046 3531 hcbeo,
1060 3464 1205 3525 emollitus
1224 3462 1263 3523 ab
1282 3464 1341 3527 liat

293 3543 558 3621 muliereuldiseret
565 3544 644 3607 enim
654 3563 702 3601 me
710 3540 782 3616 ejus,
790 3542 868 3622 quod
876 3545 924 3601 eti
957 3562 1005 3601 am
1015 3540 1132 3603 viduam
1141 3540 1339 3615 interhoetcs}

293 3625 429 3682 etlilium
441 3625 606 3700 orphanum
618 3623 760 3701 relinquo.
781 3622 837 3680 Sed
850 3641 885 3680 eo
906 3684 909 3689 ,
943 3623 1056 3685 lavacra
1067 3630 1098 3680 et
1109 3623 1339 3701 litoraliaprata,

216 3695 277 3779 ,⁶⁵5
294 3716 329 3761 ut
340 3703 511 3778 purificatus
523 3722 542 3760 a
559 3703 683 3778 piaculo,
696 3721 816 3781 gravem
828 3701 902 3760 iram
916 3701 990 3761 Deae
1010 3701 1157 3838 effugiarqr.
1321 3698 1335 3731 '³

1128 3782 1256 3859 ,amgla
1276 3783 1286 3797 ‘
1312 3786 1315 3791 '
1382 3830 1385 3841 .

292 3801 341 3845 sus
353 3789 454 3858 autem
466 3782 499 3853 in
511 3783 658 3840 desertum
671 3790 701 3839 et
712 3782 890 3851 inaccessum
908 3782 1016 3848 locum,
1027 3780 1125 3839 abstru
1159 3854 1162 3861 Ι

293 3861 382 3928 hunc,
403 3863 529 3923 telorum
550 3861 781 3930 inimicissimum
803 3860 887 3926 mihi,
910 3860 943 3916 in
961 3860 1085 3917 humum
1104 3856 1263 3930 defussum,
1284 3862 1339 3929 ubl
1382 3884 1385 3889 ·

216 3931 278 4001 ⁶⁶0
293 3959 463 4013 nemaeum
480 3940 592 4003 visurus
609 3947 672 3997 estz
693 3939 744 4001 sed
757 3939 841 4009 illum
854 3938 923 3997 Nox
945 3932 1104 4015 Orcusque'
1118 3936 1174 4010 sub
1185 3938 1339 4015 tenueer-

292 4026 389 4086 vanto.
428 4019 545 4093 Quippe
554 4037 591 4076 ex
603 4036 661 4154 (pro
672 4018 756 4087 illum
765 4018 844 4093 douo
856 4019 953 4094 accepi
965 4019 1002 4075 ab
1015 4016 1155 4093 Hectore,
1168 4016 1232 4077 vimi
1240 4018 1339 4093 iufem

216 4089 275 4146 665
290 4101 415 4175 sissimo,
429 4098 502 4154 nihil
514 4097 613 4154 iudea
644 4096 760 4175 Argivis
773 4096 894 4173 adeptus
907 4114 972 4154 sum
984 4096 1064 4168 boni.
1103 4090 1222 4177 Nempe
1234 4102 1338 4169 verium
1375 4104 1378 4111 '

259 4242 265 4251 ,
290 4176 364 4248 illud
388 4176 508 4233 verbum
520 4185 574 4244 est,
594 4175 672 4253 quod
693 4176 782 4255 vulgo
803 4175 861 4234 dici
873 4174 968 4233 solet:
999 4192 1144 4237 uosrruu
1158 4178 1248 4245 apua
1269 4170 1337 4253 uoti

263 4260 266 4269 '
292 4274 390 4335 roa-s
404 4269 601 4332 seeuima.
640 4255 739 4331 Quare
760 4256 793 4331 in
812 4262 965 4335 costerius
984 4255 1109 4332 sciemus
1131 4254 1253 4339 dudem
1271 4256 1338 4337 liii
