2776 4882
381 278 441 345 162
768 266 1027 338 ANTIGONE.

418 447 508 505 ANT.
528 444 587 503 Hei
611 442 699 501 mihi!
730 442 869 501 ‹ierideon
909 440 988 505 Ouid
1012 459 1069 507 me,
1093 458 1147 517 per
1166 441 1308 503 tutelares
1339 451 1384 492 ⁸2·

308 534 369 588 540
384 526 511 583 nonduin
526 534 680 587 mortuam,
693 522 743 578 sed
755 524 818 579 lucc
829 524 974 579 fruentem
993 519 1097 585 adhue,
1117 521 1295 580 contumelia
1313 549 1315 568 ι
1332 529 1348 570 t.
1362 522 1387 568 ss

309 614 368 665 845
383 607 412 661 0
425 606 502 669 urbs,
515 604 534 659 0
547 602 625 659 urbis
634 601 764 675 opulenti
777 600 867 658 eires:
888 601 918 655 io
931 599 1037 655 Dircaei
1055 597 1160 663 fontes,
1172 597 1341 677 Thebasque
1359 625 1380 645 v«

383 701 471 740 rnum
482 679 639 757 agitatricis
653 697 755 735 nemus
763 702 771 749 3
788 688 886 735 tanton
899 696 947 733 sos
959 676 1045 732 simul
1055 684 1141 732 testes
1149 674 1268 742 advoco,
1279 695 1329 756 qu
1344 705 1359 724 ··
1373 707 1375 724 ι

383 760 502 818 modum
515 758 552 815 ub
563 758 662 815 amicis
673 756 817 819 indeflem,
828 758 904 831 quoii
914 756 978 830 lege
988 754 1024 811 ad
1034 772 1177 816 carcerem
1187 754 1335 814 defossum
1368 785 1371 804 2
1385 783 1388 800 ι

310 842 370 899 850
384 838 505 895 inauditi
517 836 650 910 sepulcri.
690 834 758 891 lieu
772 832 922 890 misorum!
945 834 992 889 eui
1012 850 1065 888 nee
1084 850 1154 889 cum
1173 832 1351 897 hominihus,
1372 861 1376 884 t

383 934 451 974 eum
473 915 618 977 Manibus,
632 912 690 969 ulla
708 914 852 970 consortio
869 921 929 979 cst3
951 928 1016 988 quae
1028 928 1082 967 nec
1093 912 1171 967 inter·
1183 910 1261 967 vivos
1273 930 1330 971 nee
1341 913 1384 971 int

384 1003 514 1053 mortuns
526 991 672 1049 censebor.

422 1072 486 1129 CH.
507 1072 661 1146 Progressa
672 1069 708 1125 ud
721 1074 884 1124 extremum
893 1065 1019 1123 audaciae
1032 1067 1063 1123 in
1074 1066 1167 1123 altum
1173 1066 1193 1123 J
1194 1066 1302 1125 ustitim
1313 1085 1341 1125 s·
1374 1095 1377 1114 ·

309 1156 368 1211 855
384 1150 529 1225 impegisti
542 1147 686 1224 pgr-otiien
706 1148 843 1202 nimirum
857 1157 1006 1220 paternum
1019 1163 1126 1201 noxam
1137 1146 1266 1221 aliquam
1277 1146 1343 1205 luis.

423 1228 513 1285 ANP.
533 1226 755 1284 deorbissinnnn
775 1222 846 1279 mihi
865 1222 995 1279 dolorem
1016 1222 1144 1287 redicas,
1161 1223 1248 1281 nimis
1266 1234 1353 1281 exten
1372 1252 1382 1274 ιι

310 1311 370 1367 860
385 1308 496 1365 luctum
508 1306 546 1361 ob
558 1306 646 1379 patris
658 1320 811 1367 aerumnas,
824 1302 1043 1377 universamque
1056 1312 1185 1359 nostram
1196 1301 1343 1360 decantat
1379 1329 1388 1350 n

385 1384 612 1442 Inbdaeidorurn
624 1380 744 1437 cladem.
767 1380 794 1435 0
808 1386 939 1435 materna
951 1380 1121 1453 nuptiarum
1134 1397 1219 1445 noxa,
1232 1380 1336 1439 incesti
1352 1407 1384 1430 in

310 1466 369 1523 865
384 1463 496 1519 cubitus
509 1462 597 1537 patris
610 1459 668 1517 mei
680 1476 747 1515 eum
758 1458 924 1514 calamitosa
936 1467 1037 1520 matre,
1052 1457 1156 1532 quibus
1170 1475 1227 1533 ego
1239 1459 1357 1519 tandem
1367 1460 1384 1506 '1

384 1542 454 1599 felix
465 1541 543 1597 editu
561 1539 620 1607 sui3
641 1537 678 1593 ad
699 1552 769 1611 (pros
782 1535 850 1591 diris
862 1536 974 1601 devota,
986 1535 1109 1609 innupta
1119 1536 1292 1613 commigro.
1330 1537 1383 1596 0¹¹2

309 1622 370 1687 sto
384 1620 470 1678 fausti
480 1619 570 1677 frater
582 1616 674 1692 potite
686 1610 827 1690 conjugii,
841 1622 971 1671 mortuus
983 1614 1044 1689 ipse
1062 1614 1153 1671 rivam
1165 1631 1214 1672 me
1225 1615 1322 1674 adhue
1347 1643 1383 1664 m

384 1696 463 1755 disti.

421 1774 487 1833 CII.
506 1774 601 1831 Pictas
613 1780 656 1831 est
668 1770 794 1848 quidem,
807 1770 902 1827 colere
915 1776 1062 1827 mortuoss
1082 1768 1133 1826 sed
1145 1768 1346 1849 nequaquamj

310 1859 368 1921 875
382 1852 545 1929 trunsgredi
560 1852 628 1907 lieet
646 1868 757 1913 eornm,
772 1867 859 1924 penes
871 1866 942 1925 quos
954 1858 999 1905 est
1011 1848 1175 1925 imperium.
1213 1848 1259 1907 Te
1270 1868 1337 1915 reru
1356 1879 1378 1900 o

382 1931 455 1989 didit
467 1931 599 2005 pervicax
611 1930 771 2005 ingenium.
1068 1994 1072 2003 Ι
1321 1929 1332 1960 ‘
1371 1920 1376 1934 '

420 2008 514 2067 ANT.
534 2007 681 2072 Indefleta,
694 2006 793 2063 amicis
810 2004 890 2071 orba,
903 2005 1035 2080 innupta,
1055 2004 1223 2081 expeditum
1241 2007 1299 2066 hoc
1319 2008 1387 2078 ’ψ

382 2087 448 2146 dior
460 2088 523 2143 iter.
564 2085 652 2143 Haud
663 2084 787 2159 amplius
799 2084 872 2140 mihi
883 2100 997 2141 sacrum
1008 2084 1065 2139 hoe
1075 2084 1209 2143 Phoebeoe
1219 2082 1372 2163 lampadis‘
1387 2129 1388 2132 ¹

310 2170 370 2227 880
383 2166 435 2224 bar
446 2165 488 2223 m
500 2165 608 2223 intueri
626 2164 752 2227 miserm
774 2179 828 2219 nee
842 2162 1003 2219 amicorum
1022 2162 1172 2241 quisquam
1190 2173 1245 2231 est,
1258 2166 1310 2243 qui
1329 2193 1342 2214 ..

383 2244 456 2304 adeo
468 2242 680 2318 lacrymabilem
692 2242 784 2297 vicem
796 2241 905 2317 lugeat.

421 2322 484 2379 CR.
505 2322 636 2387 Seitisne,
651 2319 780 2396 querelas
796 2328 826 2374 et
838 2318 933 2375 luctus
949 2318 974 2374 si
987 2318 1121 2376 morituri
1134 2318 1267 2393 prodesse
1278 2322 1388 2383 semim

307 2406 368 2462 8'85
383 2402 531 2459 neminem
541 2398 615 2465 fore,
628 2399 679 2475 qui
690 2399 724 2454 iis
736 2396 868 2453 desinat?
889 2397 970 2458 Quin
980 2396 1119 2455 abducitis
1129 2396 1205 2456 hane
1216 2416 1306 2477 quam
1315 2418 1354 2460 οι.
1375 2427 1383 2446 i

306 2536 309 2542 ,
382 2482 449 2538 me?
464 2486 495 2535 et
507 2487 658 2553 postquam
672 2494 748 2540 eam,
759 2483 795 2532 ut
804 2470 887 2547 jussi,
897 2475 1168 2535 incluseritissolam
1175 2477 1383 2559 essemque·

381 2558 499 2614 obtecto
511 2556 651 2630 sepulcro,
664 2553 797 2611 abibitis:
812 2554 870 2610 sive
882 2552 923 2610 ibi
935 2554 1077 2611 moritura
1087 2554 1135 2619 sit,
1144 2556 1203 2615 sive
1210 2555 1332 2617 subhoc
1356 2587 1363 2604 -.
1383 2581 1386 2604 t

382 2635 496 2709 sepulta
507 2651 601 2691 aevmn
614 2632 710 2689 ducat.
748 2629 811 2688 Nos
823 2631 903 2688 enim
922 2632 1017 2689 omnis
1032 2632 1178 2691 immunes
1188 2652 1290 2695 sumus
1301 2637 1339 2713 p'
1352 2663 1361 2682 ν

310 2720 370 2777 ⁸90
382 2714 488 2790 puellae
501 2707 588 2782 nujus
599 2726 700 2768 causa:
721 2708 772 2765 sed
784 2708 898 2767 nullum
910 2710 939 2766 ei
950 2726 1018 2767 eum
1029 2712 1141 2787 superis
1151 2712 1208 2770 erit
1219 2730 1268 2771 co·
1280 2741 1302 2764 τι
1336 2716 1354 2762 '1
1369 2741 1380 2760 ω

420 2788 514 2848 ANT.
536 2788 564 2845 0
575 2789 749 2863 sepulerum,
762 2788 781 2846 0
798 2788 921 2864 genialis
933 2788 1119 2855 thalamus,d
1134 2789 1248 2850 defoesa
1266 2792 1351 2854 habri
1369 2792 1385 2834 ἰ

383 2874 493 2926 {eterna
503 2867 642 2932 custodia,
656 2883 714 2942 quo
726 2865 816 2923 teudo
827 2865 864 2923 ad
882 2884 971 2929 meos,
985 2883 1109 2942 quorum
1125 2870 1282 2929 miserabili
1293 2870 1351 2929 leto

383 2956 566 3022 sumptorum
575 2945 736 3003 maximum
748 2960 902 3003 numerum
915 2945 1131 3004 intermortuos
1139 2948 1217 3023 cepit
1226 2948 1387 3027 Proserpim

303 3030 368 3096 ,095
384 3042 509 3100 quorum
521 3040 578 3101 ego
587 3024 748 3089 novissima,
757 3022 910 3100 multoque
918 3040 986 3079 sane
995 3025 1120 3098 pessimo
1128 3026 1218 3085 exitio
1226 3026 1351 3085 intereo
1367 3053 1369 3072 ·
1382 3047 1386 3072 ¹

381 3102 501 3161 fatalem
512 3102 598 3159 dicut.
633 3102 688 3159 Sed
701 3100 770 3158 illuc
783 3100 922 3177 profecta,
931 3102 1007 3158 hane
1019 3104 1145 3161 marrime
1155 3122 1236 3181 spem
1246 3106 1338 3173 foveo,
1350 3131 1358 3174 2
1381 3139 1388 3148 ¹=

382 3190 444 3240 tam
456 3199 505 3238 me
516 3188 667 3237 venturam
680 3180 764 3255 patri,
777 3186 949 3256 gratamque
962 3179 1025 3245 tibi,
1038 3187 1141 3249 mater,
1153 3192 1184 3241 et
1194 3183 1250 3241 tibi
1258 3193 1374 3261 grutam,

308 3267 369 3340 200
381 3276 555 3336 germanum
567 3263 654 3332 eaput
661 3281 670 3328 3
685 3257 918 3334 quandoquidem
931 3266 1061 3315 mortuos
1073 3276 1122 3317 vos
1134 3278 1192 3337 ego
1200 3262 1334 3323 manibm
1347 3258 1386 3310 m·

381 3340 438 3396 lavi
449 3347 479 3395 et
491 3337 599 3399 ornavi,
613 3335 785 3411 inferiasque
797 3336 835 3392 ad
846 3335 1011 3411 sepulerum
1023 3337 1079 3395 tuli
1087 3359 1103 3397 :¹
1116 3354 1194 3397 nune
1209 3348 1319 3408 autem,
1330 3340 1367 3400 P·¹
1381 3363 1383 3370 ’

381 3418 469 3483 nices,
483 3416 551 3493 quia
570 3413 691 3471 cadaver
707 3420 792 3470 tuum
812 3412 904 3470 humo
925 3415 1052 3481 contexi,
1072 3418 1146 3474 hanc
1163 3417 1228 3476 fero
1242 3436 1293 3478 ms
1312 3445 1345 3468 n,
1359 3443 1360 3446 =
1373 3441 1383 3462 n

381 3494 471 3572 Atqui
478 3495 556 3552 hune
563 3494 706 3549 honorem
715 3492 769 3549 tibi
778 3492 825 3566 pie
834 3488 1051 3569 reetequesme
1060 3495 1203 3555 tributum
1211 3496 1355 3574 fuissesap‘
1377 3521 1379 3540 ι

302 3577 368 3654 ,905
383 3574 474 3650 quivis
482 3568 605 3644 judicet.
646 3569 735 3627 Haud
754 3571 834 3627 enim
844 3588 984 3647 unquam,
997 3574 1022 3629 si
1034 3575 1207 3649 peperissem
1222 3575 1335 3644 liberos,
1353 3599 1388 3620 ω

382 3652 408 3707 si
419 3652 493 3709 mihi
499 3647 607 3723 conjux
615 3656 747 3707 mortuus
753 3644 890 3719 jacuisset
897 3650 1067 3725 insepultus,
1075 3660 1177 3710 contm
1184 3654 1308 3713 onnus
1326 3677 1353 3720 »ς
1364 3677 1366 3682 ’
1379 3675 1388 3698 ¹⁴

383 3729 461 3785 hunc
472 3730 656 3803 suscepissem
668 3727 806 3785 laborem.
826 3726 954 3785 Aeforte
966 3746 1076 3805 questas
1088 3748 1214 3807 quanam
1226 3732 1338 3811 exlege
1356 3759 1358 3778 ·

309 3810 371 3867 010
383 3806 485 3866 dicam.
523 3805 636 3881 Nempe
655 3814 773 3864 mortuo
793 3806 995 3870 mantuanus
1013 3814 1089 3865 esset
1108 3810 1158 3868 eui
1178 3810 1335 3883 nuberem3
1360 3815 1388 3854 ³¹

382 3902 490 3961 umque
502 3885 526 3941 si
538 3885 705 3947 amisissem,
718 3884 809 3941 ulium
820 3902 857 3941 ex
868 3884 926 3941 alio
938 3885 1001 3941 viro
1008 3888 1150 3961 suscipere
1158 3894 1309 3963 poteram
1322 3894 1350 3947 at
1367 3915 1369 3932 ι

382 3970 428 4019 tre
442 3970 473 4017 et
484 3974 576 4019 matre
589 3963 620 4019 in
632 3962 710 4018 Oreo
721 3962 853 4027 conditis,
866 3978 927 4019 non
944 3970 988 4019 est
1005 3971 1039 4021 ut
1051 3966 1125 4023 mihi
1141 3966 1233 4025 frater
1250 3968 1338 4044 possit
1361 3989 1365 4008 ι
1379 3991 1388 4008 ==

382 4058 469 4117 quam
481 4040 595 4096 exoriri.
615 4042 656 4096 At
668 4048 767 4097 tamen
783 4057 872 4115 quum
883 4058 920 4097 ex
929 4042 983 4097 hae
994 4042 1069 4117 lege,
1079 4045 1181 4101 ceteris
1190 4046 1327 4105 omnibus
1341 4071 1345 4090 ·
1357 4075 1373 4090 ··
1384 4065 1388 4086 ¹

381 4118 497 4183 habitis,
509 4118 620 4174 honore
641 4124 672 4173 te
693 4116 879 4181 affecerinnd
899 4135 1073 4194 germanum
1094 4128 1192 4197 caput,
1205 4124 1327 4184 Creonti
1351 4148 1387 4170 ,μ

307 4202 367 4269 ets
381 4213 459 4255 essse
471 4196 529 4252 visa
541 4214 616 4260 sum,
630 4193 797 4271 facinusque
809 4197 1022 4256 atrocissimum
1033 4198 1189 4259 admisisse.
1241 4202 1284 4260 Et
1296 4218 1369 4264 nune

380 4281 543 4354 correptam
554 4276 596 4335 its
607 4292 655 4342 sne.
667 4272 793 4357 abducit,
806 4270 992 4376 tosipudfflse
1004 4276 1302 4364 hymeltssifffiiw
1319 4307 1339 4359 ².
1355 4307 1376 4361 .”
