2776 4882
356 290 548 364 OEDIPUS
570 290 832 363 COLONEUS.
1047 306 1105 368 let

108 466 174 529 ΒΗ.
193 466 356 528 Neminem·
364 472 440 528 ultio
451 470 549 528 divina
560 480 669 539 manet,
683 472 732 548 qui
743 471 853 529 malum
864 468 944 527 malo
950 468 1085 545 rependit
1095 496 1102 530 ε

74 546 145 607 tran
157 566 212 625 pro
225 548 481 607 hande-retributa
492 552 604 608 auctori
617 569 670 625 pro
681 552 776 625 gratia
787 550 918 606 dolorem
931 550 1029 607 refert.
1056 552 1104 610 Tu
1117 555 1179 610 28⁰

72 644 136 687 reru
147 628 229 685 sedes
239 629 289 685 bas
301 626 444 704 linquens,
458 646 548 706 quam
568 630 697 685 ocissime
715 635 795 687 teex
813 636 891 685 terra
909 646 975 685 mea
991 628 1101 707 abripe,
1117 632 1177 689 235

69 720 104 764 ne
115 706 194 782 quod
205 706 284 764 ultra
295 707 403 763 civitati
416 724 490 764 meae
502 710 653 783 negotium
665 708 793 765 facessas.

72 808 76 815 ·
95 780 196 842 m
215 785 297 851 Aet
313 785 469 842 verecundi
490 786 627 860 hospites,
649 784 884 863 quandoquidem
902 802 1001 842 senem
1022 785 1101 845 hune

68 872 164 920 meum
183 872 298 938 patrem
318 880 380 920 non
401 864 576 923 sustinuistis
588 865 697 931 audire,
713 865 789 921 laeta
800 873 1011 922 memorantem
1022 864 1102 923 haud
1115 866 1176 924 stu

66 949 166 1015 sponte
186 940 440 1008 numismatum
457 943 584 1008 obsecro,
602 944 746 1000 infelicem
765 961 812 999 me
834 944 1021 1009 miseramini,
1035 960 1100 1019 quar

63 1036 115 1093 pro
132 1036 201 1077 meo
212 1026 296 1094 patre
316 1022 453 1095 supplico,
475 1039 533 1078 non
547 1025 629 1079 caeeis
647 1040 698 1079 vos
718 1023 833 1078 intuens
845 1021 945 1086 nemis,
958 1028 1098 1098 tanqmm
1114 1024 1173 1079 245

62 1098 202 1155 dvsstro
218 1116 238 1154 e
259 1101 402 1174 sanguine
421 1108 564 1176 prognata
584 1118 685 1166 essem,
704 1108 801 1157 utros
820 1101 918 1156 miseri
937 1101 1100 1158 reverentia

63 1184 185 1235 moreat.
223 1176 261 1233 In
273 1178 361 1243 vobis,
381 1179 460 1236 haud
477 1197 557 1236 secus
577 1197 611 1235 ae
623 1180 666 1253 in,
676 1179 752 1241 Deo,
764 1196 828 1255 spes
844 1186 951 1235 nostrae
962 1179 1098 1236 resident.

62 1252 119 1311 ssd
136 1255 227 1331 agite,
243 1257 364 1314 annuite
383 1258 562 1332 insperatum
581 1256 761 1314 beneficium.
801 1257 858 1313 Per
870 1275 926 1333 ego
939 1266 979 1324 te,
991 1258 1017 1313 si
1029 1258 1098 1335 quid
1113 1256 1174 1315 250
1261 1323 1269 1337 ι

61 1332 115 1391 tibi
126 1352 165 1391 ex
176 1334 275 1391 animo
290 1352 391 1392 mrum
403 1344 457 1401 est,
476 1335 615 1402 obtestor,
622 1353 680 1392 seu
695 1336 790 1411 proles
808 1342 862 1402 est,
879 1353 931 1392 seu
943 1328 1027 1400 uxor,
1039 1336 1099 1392 sive

59 1412 211 1487 mio,
223 1413 282 1469 sire
295 1413 382 1472 Deus.
421 1413 493 1472 Non
510 1416 600 1480 enim,
618 1415 801 1491 quantumvis
813 1413 998 1490 inquirendo,
1014 1430 1099 1489 repe·

59 1491 120 1548 rins
130 1490 292 1558 hominem,
305 1493 365 1569 qni,
378 1493 403 1549 si
415 1493 496 1549 Deus
508 1495 614 1560 usitat,
626 1494 715 1567 possit
728 1491 864 1568 effugere.

64 1568 70 1575 '
95 1568 166 1629 cn.
185 1570 395 1637 semitaritia
407 1570 519 1648 OEdipi,
532 1589 585 1629 nos
597 1580 690 1628 vestra
702 1571 864 1628 calamitate
876 1570 996 1636 moseri,
1008 1577 1042 1626 ut
1052 1570 1097 1627 tui

59 1648 172 1723 pariter
181 1644 326 1726 hujmque
338 1666 391 1706 nos
403 1651 554 1708 misereat:
575 1650 625 1706 sed
645 1650 776 1707 Deorum
790 1651 864 1706 iram
877 1649 1013 1705 timentes
1024 1649 1103 1715 nihil¹
1111 1648 1172 1707 25⁸

57 1742 175 1791 mmm,
187 1744 252 1804 quse
264 1727 318 1784 tibi
329 1728 418 1785 modo
428 1728 564 1795 diximus,
577 1735 690 1786 mutare
703 1745 863 1804 possumus.

98 1803 194 1863 OED.
215 1805 293 1868 Quid
302 1807 448 1882 praeelara,
459 1825 565 1883 quaeso,
575 1804 693 1883 prodest
704 1807 887 1871 existimatio,
901 1805 1004 1882 qttidve
1011 1805 1097 1864 tamn

59 1884 186 1975 vegim
198 1882 295 1950 decus,
307 1876 394 1962 pram
415 1886 492 1942 facts
508 1904 568 1943 non
585 1878 799 1961 comprobant?
815 1884 957 1960 siquidem
967 1883 1097 1959 Athenas
1110 1892 1171 1947 260

58 1968 144 2019 nunt
155 1978 219 2018 esse
229 1963 466 2039 religiosissimas,
478 1982 625 2040 unamque
641 1965 774 2021 omnium
788 1964 938 2020 eisitatum
952 1963 1097 2038 hospitem

59 2040 143 2097 unlis
153 2040 294 2098 afflictum
312 2044 434 2108 servar'e,
452 2060 599 2120 unamque
610 2060 695 2118 opem
713 2043 790 2100 ferre
809 2059 900 2117 posse.
939 2041 1015 2098 Mihi
1028 2058 1097 2099 vero

59 2116 180 2177 ubimrn
197 2120 253 2177 ista
263 2130 341 2187 sunt,
354 2122 412 2198 qui,
426 2129 578 2198 postquam
590 2140 640 2179 me
650 2140 687 2178 ex
698 2122 753 2178 ista
764 2121 832 2177 sede
843 2120 1035 2186 submovistis,
1047 2138 1095 2177 me
1162 2158 1167 2165 ·

59 2197 213 2272 expellitis,
225 2198 313 2257 salina
324 2199 364 2256 ob
375 2208 488 2257 metum
499 2200 645 2257 nominis?
664 2217 725 2257 non
737 2201 818 2256 enim
829 2199 990 2273 meipsum,
1001 2214 1096 2275 neque
1110 2209 1170 2264 265
1223 2204 1227 2215 '

62 2272 137 2335 facts
147 2288 215 2334 men
228 2279 366 2334 mentitis.
403 2277 482 2335 Nam
504 2279 581 2355 quod
600 2278 637 2336 ad
656 2278 733 2335 faeta
744 2279 859 2342 attinet,
872 2283 942 2332 sunt
954 2276 1013 2342 illa,
1026 2277 1095 2333 satis

61 2351 116 2411 hoc
133 2362 215 2412 oerto
235 2357 305 2421 seio,
328 2363 396 2412 sunt
416 2359 512 2431 potius
533 2357 660 2414 hominis
681 2354 818 2428 injuriam
839 2355 923 2430 passi,
945 2371 1032 2430 quam
1047 2355 1096 2412 in·

63 2430 189 2500 ferentis,
209 2433 349 2511 siquidem
363 2436 406 2491 fas
417 2436 490 2495 mihi
502 2437 540 2492 sit
552 2452 619 2492 vera
630 2435 685 2491 tibi
698 2436 793 2491 dicere
804 2433 841 2490 de
853 2440 947 2513 matre
959 2440 990 2488 et
1001 2443 1094 2508 patre,

63 2527 186 2586 quorum
197 2529 282 2569 catrsa
294 2531 340 2570 me
353 2513 499 2570 abhorres.
539 2513 696 2576 Quomodo
708 2515 788 2569 enim
801 2512 893 2570 malus
906 2512 1025 2587 ingenio
1036 2510 1094 2569 diei
1109 2523 1170 2583 270

64 2590 179 2661 possim,
192 2590 242 2666 qui
254 2586 391 2661 injuriam
403 2600 470 2649 ante
483 2611 591 2667 passus,
604 2593 660 2649 feei
672 2592 813 2649 vicissim?
836 2590 908 2651 sdeo
920 2601 954 2647 ut
963 2591 991 2646 si
1002 2588 1095 2647 sciens

63 2664 200 2734 fecissem,
213 2686 251 2725 ne
262 2670 302 2725 sic
315 2669 430 2746 quidem
448 2688 580 2728 censerer
598 2671 700 2728 malus.
739 2670 829 2727 Nune
839 2686 909 2726 tero
926 2668 1096 2743 imprudens

64 2761 106 2811 eo,
119 2763 178 2822 quo
196 2747 272 2815 veni,
291 2747 402 2805 delatus
423 2767 504 2807 sum:
526 2750 661 2826 aquibus
680 2766 749 2806 vero
769 2753 868 2823 passus
883 2766 949 2804 sum
961 2754 1039 2813 ante,
1052 2748 1096 2804 illi
1158 2750 1164 2789 '·

10 2862 16 2895 3.
64 2824 180 2881 seientes
199 2843 247 2882 me
266 2826 461 2900 perdiderunt.
501 2828 686 2903 Quapropter
705 2828 866 2903 implorans
886 2844 941 2901 per
952 2826 1032 2882 Deos
1043 2826 1094 2882 ob-
1109 2836 1169 2899 275

65 2906 151 2960 testor
162 2921 221 2968 vos,
235 2904 370 2980 hospites,
383 2914 419 2962 ut
430 2924 477 2962 me
489 2908 586 2981 priore
598 2907 742 2967 excitastis
750 2924 768 2960 e
780 2905 858 2971 sede,
871 2905 916 2961 ita·
923 2916 1033 2960 senate
1040 2926 1049 2974 ς
1065 2912 1097 2961 et

65 2994 108 3044 ue,
119 2981 337 3040 Diis‘nonorem
349 2984 497 3053 babentes,
511 2994 609 3042 tamen
620 2985 699 3041 Deos
716 2984 801 3041 nihili
813 2984 913 3039 faeere-
920 2983 1091 3039 videamini:

64 3057 111 3114 sed
121 3060 229 3125 credite
241 3078 290 3117 eos
302 3063 452 3136 respicere,
465 3064 489 3119 si
502 3065 565 3139 quis
577 3065 655 3120 inter
666 3063 802 3120 mortales
813 3062 877 3137 pius
887 3069 941 3127 est,
954 3061 1094 3135 respicere
1109 3071 1170 3126 230

65 3153 173 3214 quoque
192 3140 305 3213 impios,
317 3141 526 3216 scelestumque
541 3143 691 3199 hominem
709 3141 857 3199 neminem
874 3157 1003 3215 unquam
1022 3138 1094 3195 effu·
1173 3178 1195 3209 ,
1216 3210 1219 3215 ,

64 3215 141 3288 glum
153 3217 302 3276 invenisse.
326 3217 375 3275 Tu
386 3219 516 3276 Deorum
530 3237 616 3276 causa
627 3221 755 3277 felicium
767 3220 948 3275 Athenarum
959 3217 1093 3292 splendo-

65 3304 122 3349 rem
134 3312 173 3351 ne
184 3294 315 3371 obsettra,
327 3297 409 3369 factis
428 3299 523 3372 impiis
542 3298 738 3355 subserviens:
761 3297 812 3353 sed
823 3302 923 3363 Ome
934 3296 1093 3370 supplicem
1145 3315 1148 3321 ·

65 3368 117 3427 lide
128 3380 179 3430 tus
190 3374 299 3432 fretum
316 3376 460 3451 accepisti,
479 3376 571 3433 libera
588 3396 637 3434 me
656 3384 687 3433 et
702 3394 856 3432 conserva:
878 3392 981 3451 neque,
994 3390 1093 3429 meum
1107 3380 1169 3435 285

66 3459 145 3525 eaput
156 3452 295 3527 adspectu
316 3453 427 3512 foedum
445 3456 571 3521 intuens,
592 3456 769 3513 contumelia
787 3472 835 3510 me
847 3454 961 3529 afficias,
999 3450 1095 3506 Venio

65 3528 138 3586 enim
158 3548 240 3589 sacer
259 3533 389 3609 piusque,
412 3540 443 3589 et
463 3534 617 3590 commoda
639 3533 747 3591 civibus
768 3534 847 3588 hisee
868 3532 980 3587 ferens:
1003 3538 1122 3604 quum*

64 3614 155 3664 autem
167 3608 260 3666 aderit
271 3611 336 3687 quis
348 3613 551 3669 auctoritatem
571 3612 690 3677 habens,
711 3612 761 3686 qui
783 3611 915 3684 prinoeps
931 3617 1026 3663 vester
1039 3618 1094 3674 est,

65 3686 121 3775 tum
132 3687 232 3745 audita
242 3706 339 3747 ex-me
350 3692 450 3748 omnia
460 3707 611 3766 pernosces
618 3699 637 3762 ς’
649 3698 680 3748 at
691 3691 802 3746 interea
819 3707 866 3755 ne,
881 3704 986 3765 quaeso,
1001 3688 1034 3743 in
1047 3704 1095 3744 me
1109 3694 1170 3749 Quo

64 3776 97 3818 rs
110 3762 243 3837 injurius.
809 3816 812 3821 .

95 3843 159 3901 cti.
178 3844 304 3902 Necesse
315 3854 368 3913 est,
378 3846 398 3903 b
409 3864 506 3913 senex,
513 3853 548 3903 ut
557 3847 630 3903 mihi
640 3846 811 3922 religionem
821 3842 1094 3902 incutiant'consilis

65 3924 125 3979 tua:
147 3922 227 3979 haud
239 3924 319 3981 enim
342 3942 446 3999 parum
463 3927 495 3982 in
515 3927 549 3982 iis
561 3943 622 3981 esse
635 3927 778 3982 momenti
788 3941 884 3983 sermo
896 3934 965 3980 tuus
978 3922 1094 3979 indicat.

62 3996 200 4059 Ssdmihi
217 4003 288 4059 satis
304 4005 370 4072 erit,
392 4005 417 4061 si
441 4012 527 4062 terre
550 4000 639 4076 hujus
661 4003 892 4062 moderatoribus
907 3999 1094 4059 declarabun-
1109 4008 1168 4063 295

62 4173 65 4179 ·
95 4121 192 4216 ono.
211 4158 368 4218 stustea
381 4157 609 4237 regnnuhujus
621 4178 683 4228 rex,
697 4160 845 4236 neptus?

93 4234 161 4294 CH.
180 4236 337 4296 Paternum
357 4239 461 4297 urbem
479 4240 600 4298 habitat.
639 4241 680 4301 At
692 4242 743 4319 qui
754 4256 803 4299 me
819 4240 877 4297 buc
892 4238 1020 4299 oseam
1030 4252 1096 4314 spe-

58 4314 178 4381 culator,
186 4332 262 4378 eum
272 4318 363 4386 etism
370 4322 524 4385 sumturus
536 4318 617 4378 abiit.

91 4423 98 4435 ⁸
177 4438 186 4457 s
476 4452 479 4456 .
565 4413 590 4459 B
