2776 4882
322 283 387 343 230
694 270 1028 345 PHILOCTETES.

321 453 519 522 oetetemagee
541 445 647 522 absque
661 447 782 506 fletibus
821 446 1350 520 Attu,oroeantisfiu,1²httoctsi

232 567 238 586 .
320 525 396 591 dieo,
410 525 494 601 prodi
507 524 593 590 fores,
608 525 709 583 relicto
721 527 777 583 hoc
789 544 875 583 saxeo
888 534 974 583 tecto.

359 604 467 662 PHIL.
487 605 560 667 Quis
572 605 679 660 iterum
697 605 807 662 clemm
828 613 859 661 et
878 606 1022 663 tumultus
1045 607 1139 667 oritur
1158 624 1258 665 meum
1279 607 1361 682 apud

230 688 305 745 1265
320 685 458 742 antrum?
489 683 559 760 quid
578 700 625 740 me
647 683 789 740 evocetis?
821 683 891 760 quid
913 684 999 742 sultis
1020 685 1169 760 hospites?
1194 686 1240 742 hei
1260 686 1362 749 mihi!

320 762 398 821 mela
419 763 481 821 haec
506 780 560 820 res
598 760 681 820 Num
711 761 824 830 adestis,
846 770 881 819 ut
903 762 939 820 ad
959 763 1142 838 priorsmea
1162 763 1240 823 mula
1258 761 1342 879 mai

319 842 430 900 addatis
442 841 575 898 malum?

357 920 502 979 Noort.
523 919 653 986 Confide,
666 919 789 998 audique
802 920 898 983 verba,
912 936 977 995 qum
988 919 1086 979 affero.

357 998 466 1056 PHIL.
484 999 590 1057 Metuo
602 999 735 1075 equidem
747 1022 754 1052 z
777 1017 901 1077 namque
913 1006 999 1056 antea
1011 999 1104 1061 verbis
1119 999 1250 1074 pulchris
1260 999 1387 1061 addua.

318 1083 382 1135 ctus
395 1077 482 1134 incidi
494 1079 525 1134 in
539 1078 660 1143 malum,
673 1079 733 1135 tuis
745 1096 895 1153 persuasus
907 1078 1096 1135 sermonibus.

227 1161 305 1226 1370
357 1156 501 1214 ΝΕΟΡΓ.
520 1155 791 1232 Nonneergolieet
804 1156 978 1214 sententiam
991 1156 1125 1214 mutere?

168 1242 169 1246 ’
357 1235 464 1295 PHIL.
484 1233 559 1293 Tam
579 1234 686 1292 blando
705 1253 839 1294 sermone
855 1235 992 1301 utebaris,
1010 1252 1103 1312 quum
1121 1236 1195 1293 mihi
1216 1235 1286 1297 dolo
1306 1250 1357 1297 er·

317 1331 384 1371 cum
397 1313 582 1379 subducebar,
596 1314 691 1387 palam
702 1314 785 1380 fidus,
799 1315 873 1371 clam
886 1314 997 1369 noxius.

358 1391 504 1450 NEOPT.
524 1392 580 1449 Sed
593 1410 672 1449 nune
691 1410 752 1450 non
764 1392 842 1451 idem
862 1410 934 1468 ego:
958 1408 1059 1449 verum
1071 1410 1108 1451 ex
1120 1398 1150 1448 te
1162 1392 1262 1451 audire
1275 1396 1347 1463 reio,

225 1476 301 1541 1275
315 1476 417 1529 utrum
430 1472 580 1529 decretum
599 1471 637 1529 sit
657 1469 711 1586 tibi
732 1470 781 1529 hie
803 1472 935 1529 manenti
955 1468 1123 1544 perdurare,
1136 1489 1174 1529 au
1198 1472 1348 1535 uobiscum

316 1551 470 1687 Ἵίῗιυῐι
481 1627 600 1691 Desine,
623 1576 753 1704 nequid
779 1627 902 1704 amplius
924 1626 1009 1684 dicas.
1056 1627 1245 1706 Quaecunque
1270 1633 1356 1725 enim

253 1707 430 1772 dixeris,
443 1708 550 1765 frustra
562 1707 705 1765 dicentur.

351 1785 496 1844 NEOPT.
517 1785 628 1843 Siccine
639 1794 683 1841 est
695 1786 859 1844 sententia’

351 1864 460 1922 PHIL.
481 1864 543 1931 Sic;
566 1862 947 1957 firmioremqueesssscito,
978 1875 1047 1919 am
1059 1860 1155 1919 dicere
1167 1880 1282 1944 queem

351 1941 498 2001 NEOPT.
517 1905 607 2018 Atqui
619 1942 702 1999 dietis
719 1950 749 1998 te
764 1944 836 2001 meis
844 1879 1022 2023 persuaderi
1034 1939 1151 2016 quidem
1172 1945 1348 2019 cupiebam.

221 2025 299 2081 leco
312 2040 412 2080 verum
425 2041 449 2079 ει
440 2021 535 2078 nihil
550 2028 747 2096 opportunum
759 2014 872 2097 loquo'r,
885 2019 994 2076 desino.
1120 2064 1123 2069 4

351 2100 458 2159 PHIL.
477 2094 571 2157 Recte
583 2100 669 2170 fecis
694 2117 763 2156 nam
785 2100 859 2156 nihil
881 2115 941 2155 non
954 2097 1061 2156 trustra
1073 2097 1187 2157 dixeris
1227 2101 1352 2181 Qippe

283 2178 483 2239 benevolum
493 2179 547 2236 tibi
559 2195 707 2255 nunquam
716 2179 846 2235 animum
860 2176 1014 2252 experieris
1027 2194 1136 2243 meum,
1150 2177 1200 2254 qui
1208 2196 1257 2239 me
1266 2183 1352 2244 rictu

309 2274 377 2316 meo
403 2259 487 2316 dolis
496 2259 658 2331 intercepto
681 2258 808 2331 privasti,
831 2266 861 2314 et
879 2261 979 2331 postea
1000 2256 1164 2314 moniturus
1186 2273 1234 2316 me
1257 2262 1355 2331 venis,

217 2340 293 2399 1285
310 2339 414 2411 optimi
435 2337 523 2412 patris
536 2336 848 2410 prolesinimicissima.
887 2334 1025 2400 Persam,
1037 2332 1146 2393 Atride
1159 2333 1278 2411 quidem
1287 2341 1353 2416 pri-

309 2433 401 2478 mum,
415 2415 519 2474 deinde
532 2431 600 2471 vero
611 2413 727 2472 Inertis
739 2414 826 2480 filius,
839 2421 869 2470 et
882 2412 933 2470 tu!

347 2495 492 2552 NEOPT.
512 2494 579 2551 Nc
571 2493 737 2600 impreceris
749 2493 837 2561 ultra,
850 2492 900 2549 sed
913 2510 1001 2549 mauu
1014 2510 1052 2550 ex
1072 2510 1139 2551 mee
1159 2495 1257 2570 accipe
1282 2496 1353 2558 hnc

271 2591 396 2638 ⁴5.urma

347 2650 454 2710 PHIL.
475 2651 553 2713 Quid
566 2651 656 2708 dicis.
650 2652 660 2694 >
681 2650 765 2709 Num
777 2669 876 2714 rursus
888 2658 1037 2708 tentamur
1049 2650 1122 2709 dolis
1134 2653 1144 2708 i

347 2729 495 2788 ΝΕΟΡΤ
515 2726 629 2800 Adjuro
642 2730 735 2787 sancti
744 2748 857 2789 numen
868 2748 1015 2788 summum
1028 2730 1116 2788 Joris

215 2817 292 2875 1290
347 2808 455 2866 PHIL.
475 2808 568 2886 Oqur
579 2808 743 2884 gratissime
755 2810 827 2866 mrhr
840 2809 919 2875 dicis,
930 2806 1056 2864 simodo
1067 2808 1138 2866 dicis
1150 2807 1237 2865 vera'
1298 2810 1302 2815 ’
1357 2821 1364 2829 ·

346 2886 492 2945 Nuces.
511 2886 592 2945 Res
584 2905 646 2962 ipsa
664 2888 816 2947 manifesta
828 2891 899 2946 erit
927 2904 992 2964 age,
1007 2886 1139 2946 dextram
1150 2890 1304 2970 protende,
1316 2898 1353 2952 et

307 2973 358 3023 tua
371 2967 424 3023 tibi
436 2985 506 3042 cape
517 2984 608 3024 arma.

231 3074 244 3108 π
346 3045 461 3104 ULYS.
483 3045 546 3122 Ego
559 3063 627 3104 vero
648 3054 724 3112 veto,
737 3045 789 3104 Dii
809 3053 878 3103 sunt
891 3053 987 3106 testes,
1008 3043 1235 3125 Atridanrmque
1253 3054 1285 3106 et
1298 3015 1349 3108 to-

306 3123 364 3183 tius
376 3126 518 3182 exercitus
531 3126 658 3212 nomine.

213 3207 289 3264 1295
343 3201 450 3261 PHIL.
471 3202 499 3259 Ο
512 3204 564 3270 fiti,
576 3200 731 3276 cujavox?
752 3201 835 3260 Num
848 3202 980 3278 Ulyssem
993 3202 1110 3261 audivi?
1357 3226 1361 3235 ·

322 3281 457 3342 UL.YS
467 3283 554 3339 Certa
563 3298 608 3340 res
621 3288 675 3348 est,
684 3289 715 3339 et
724 3299 821 3374 prope
818 3281 942 3357 quidem
955 3300 1003 3354 me
1016 3281 1103 3350 vides,
1113 3285 1165 3360 qui
1175 3290 1204 3340 te
1217 3282 1257 3343 ad
1267 3282 1345 3343 Tm·

300 3355 341 3433 J'ae
353 3379 470 3436 campos
482 3361 643 3418 abducam
636 3367 733 3436 ingrat
734 3361 768 3416 iis
780 3360 847 3424 tuis,
861 3361 930 3416 velit
942 3348 1051 3418 nolitve
1062 3361 1184 3419 Achillis
1195 3363 1288 3421 filicis
1338 3386 1349 3415 ι

341 3440 448 3499 PHIL.
468 3440 507 3498 At
521 3457 581 3496 non
593 3440 724 3529 impune,
734 3438 824 3496 modo
836 3438 891 3495 hoc
904 3455 964 3497 non
976 3439 1090 3497 aberret
1103 3441 1205 3499 telum.
1291 3464 1299 3479 ·

211 3522 316 3585 ΒΨ
340 3518 486 3577 ΝΕΟΡΤ.
505 3516 572 3576 Ah!
595 3522 796 3595 nequaquamJ
805 3534 865 3580 ne,
878 3535 930 3591 per
943 3517 1030 3580 Deos.
1044 3518 1160 3577 dimitte
1170 3520 1322 3596 sagittans

340 3597 448 3655 PHIL.
469 3598 537 3656 Sine
550 3616 647 3655 meam
659 3614 788 3662 manum,
801 3613 854 3672 per
865 3596 943 3653 Deos
956 3595 1084 3660 obsecro
1097 3598 1243 3658 carissime
1255 3597 1313 3659 fili

339 3675 484 3734 NldOI’l'.
505 3677 689 3734 Nonsinam.

339 3753 447 3813 PHIL.
466 3755 550 3812 Vah!
572 3772 626 3813 eur
644 3754 742 3812 virum
760 3754 902 3814 infestum
921 3753 1037 3829 atque·
1029 3753 1179 3819 mimicum
1197 3755 1341 3832 poium·

301 3849 349 3890 me
362 3833 491 3891 occidere
503 3834 615 3910 sagittis
629 3834 720 3889 meis?
861 3876 864 3883 ,

288 3909 483 3968 NEOPT.
503 3913 543 3969 At
555 3930 658 3991 neque
662 3911 735 3969 mihi
747 3911 902 3968 honestum
914 3915 958 3967 est
969 3910 1036 3976 hee
1048 3929 1145 3988 neque
1155 3906 1258 3971 ube.
1307 3960 1310 3965 .

209 3930 283 4049 teos
339 3989 448 4050 PHIL.
467 3989 575 4047 Verum
601 3992 657 4047 hoc
678 3991 780 4048 saltem
803 3991 886 4055 scito,
906 3989 1049 4068 principes
1071 3992 1135 4049 ilios
1158 3990 1339 4051 Achivorum

135 4074 137 4081 ’
300 4069 451 4133 exercitus,
466 4070 539 4126 nihil
561 4067 640 4124 aliud
661 4088 747 4144 quam
760 4069 892 4127 sanitatis
911 4085 1057 4144 praecones
1070 4088 1141 4136 esse,
1154 4070 1280 4180 ignarus
1298 4070 1349 4133 ut.

298 4165 441 4224 Quam,
453 4147 794 4224 liuguaautemferoces
870 4190 874 4199 .

339 4225 483 4285 NEOPT.
503 4226 596 4284 Esto.
618 4235 652 4281 tu
674 4242 751 4282 nunc
767 4225 888 4319 quidem
909 4241 1010 4285 arcum
1029 4225 1128 4294 heim,
1149 4200 1265 4315 necersi
1283 4233 1358 4289 curi

286 4305 373 4373 retii
380 4322 561 4377 accensens,
570 4310 622 4385 aui
633 4321 683 4367 me
689 4304 1075 4386 ertmnenamptim.
