2776 4882
313 281 378 341 ιιι
685 267 1018 343 PHILOCTETES.

312 452 428 504 oetatem
440 461 509 520 ages
531 443 637 520 absque
652 445 773 503 fletibus.
812 443 852 502 At
871 450 914 510 tu,
928 446 947 502 A
959 443 1086 501 Poeautis
1099 443 1152 517 fili,
1166 444 1362 511 Philoctetes

223 566 229 585 .
311 524 387 589 dico,
401 523 484 599 prodi
498 522 584 589 foras,
599 523 700 581 relicto
712 525 768 581 hoc
779 531 965 581 saxeotecto.
1113 537 1116 543 ·

350 602 458 660 PHIL.
478 603 571 665 Quis
563 613 670 659 rtemm
688 602 798 660 clamor
818 609 850 659 et
868 603 1013 660 tumultus
1036 604 1130 664 oritur
1149 621 1248 661 meum
1269 623 1287 661 a
1288 604 1353 679 pud

221 687 296 744 1265
311 684 448 740 antrum?
479 681 550 759 quid
568 698 615 738 me
638 681 780 738 evocatis?
812 680 881 756 quid
904 681 989 739 vultis
1011 681 1160 757 hospites?
1184 682 1231 739 hei
1250 683 1347 745 milri!

311 761 389 819 mala
410 762 471 819 haec
497 778 550 817 res.
589 758 672 818 Num
701 759 815 827 adestis,
837 767 871 817 ut
893 759 930 817 ad
950 760 1048 835 priora
1066 778 1132 821 mea
1153 759 1229 821 mala
1248 758 1353 875 majus

310 840 421 898 addatis
433 839 565 896 malum?

348 917 493 977 ΝΕΟΡΓ.
513 917 644 983 Confide‚
657 916 780 995 audique
794 917 889 980 verba,
903 933 967 992 quo
979 916 1077 975 affero.

348 996 457 1055 PHIL.
475 997 580 1055 Metuo
593 996 744 1072 equidem:
768 1014 892 1074 namque
904 1003 990 1053 antea
1002 996 1094 1058 verbis
1110 995 1240 1070 pulchris
1251 994 1352 1057 uddu.

309 1081 373 1133 ctus
386 1076 473 1132 incidi
485 1077 517 1132 io
530 1076 651 1141 malum,
664 1075 723 1133 tuis
736 1093 886 1150 persuasus
898 1075 1087 1132 sermonibus.

218 1159 296 1224 1370
348 1154 492 1212 ΝΕΟΡΓ.
511 1153 621 1210 Nonne
633 1171 704 1229 ergo
716 1154 782 1211 licet
795 1154 969 1211 sententiam
982 1153 1116 1211 mutare?

348 1233 455 1313 PHIL.
475 1231 550 1291 Tam
570 1231 677 1290 blando
696 1250 830 1291 sermone
846 1232 983 1298 utebaris,
1001 1249 1100 1309 quum
1112 1233 1186 1291 mihi
1207 1231 1276 1293 dolo
1297 1248 1345 1293 ιι-

308 1308 375 1370 cum
388 1311 573 1377 subducebas,
587 1312 682 1385 palam
693 1311 777 1378 fidus,
790 1312 864 1368 clam
877 1311 988 1366 noxius.

349 1389 495 1448 ΝΕΟΡΤ
516 1390 571 1446 Sed
584 1407 663 1447 nunc
682 1390 833 1448 nunidem
853 1407 925 1465 ego:
949 1405 1050 1446 verum
1062 1406 1099 1447 ex
1111 1395 1141 1445 te
1153 1388 1253 1452 audire
1265 1392 1342 1459 volo,

216 1474 292 1539 1275
306 1475 408 1563 utrum
422 1470 571 1527 decretum
590 1468 628 1527 sit
648 1468 702 1526 tibi
724 1467 772 1526 hle
794 1469 926 1526 manenti
946 1465 1114 1541 perdurare,
1127 1485 1165 1525 an
1189 1468 1343 1534 uobiscum

307 1565 346 1608 ua
426 1549 462 1606 e?
694 1556 698 1584 ¹

345 1627 369 1684 P
402 1627 451 1685 lL
472 1625 591 1688 Desine,
615 1621 744 1701 nequid
770 1625 893 1700 amplius
915 1623 1001 1681 dicas.
1047 1625 1236 1732 Quaeeunque
1261 1629 1354 1689 onim
1379 1677 1381 1681 .

245 1705 421 1770 ·direris,
434 1706 541 1762 frustra
554 1705 696 1762 dicentur.

343 1783 488 1842 NEOPT.
508 1783 620 1840 Srccme
631 1791 674 1838 est
687 1783 850 1841 sententia?

342 1862 451 1920 PHIL.
473 1862 535 1929 Sic;
557 1859 938 1953 firmioremqueessescito,
970 1872 1038 1915 uam
1051 1857 1146 1916 dicere
1159 1877 1272 1954 queam

342 1939 489 1999 NEOPT.
509 1940 598 2017 Atqui
611 1939 693 1996 dictis
711 1947 741 1995 te
756 1941 827 1997 meis
835 1878 1013 2020 persuaderi
1026 1936 1143 2014 quidem
1164 1940 1338 2015 cupiebam·

213 2023 291 2079 1280
303 2038 404 2077 verum
416 2022 440 2077 si
455 2019 527 2077 nihil
542 2025 738 2093 opportunum
751 2010 863 2094 loquor,
876 2016 985 2073 desino.
1112 2060 1114 2065 .

342 2098 450 2156 PHIL.
468 2092 661 2168 Rectefacis3
686 2114 754 2153 nam
777 2097 851 2153 nihil
872 2112 933 2152 non
945 2094 1052 2153 flustra
1065 2094 1179 2154 dixeris.
1219 2097 1340 2177 Quippe

276 2176 474 2237 benevolum
484 2177 538 2234 tibi
551 2193 698 2252 nunquam
708 2176 837 2233 animum
852 2173 1005 2249 experieris
1018 2191 1127 2239 meum,
1142 2174 1191 2250 qui
1200 2193 1248 2235 rue
1257 2179 1339 2239 victu

301 2272 369 2314 meo
394 2257 478 2313 dolis
488 2257 650 2329 intercepto
668 2255 800 2348 privasti,
822 2261 853 2311 et
871 2259 970 2328 postea
991 2253 1155 2310 moniturus
1177 2270 1225 2313 me
1248 2258 1341 2326 venis,

209 2339 285 2403 1285
302 2352 340 2410 op
341 2337 406 2392 timi
427 2335 515 2410 patris
528 2333 643 2408 proles·
635 2333 839 2391 inimicissima.
879 2331 1017 2397 Pereatis,
1029 2329 1138 2390 Atride
1151 2330 1268 2408 quidem
1277 2337 1340 2412 pri-

301 2431 393 2476 mum,
407 2414 511 2471 deinde
524 2429 592 2468 vero
603 2410 718 2469 Inertis
731 2409 925 2477 1111ιιι,ειιιιΙ

339 2493 484 2551 ΝΕΟΡΓ.
504 2490 729 2596 Neinrpreceris
741 2490 829 2557 ultra,
842 2489 892 2546 sed
904 2506 993 2546 manu
1006 2506 1043 2547 ex
1064 2507 1131 2549 mea
1151 2491 1247 2566 accipe
1272 2492 1339 2553 haec

216 2585 266 2623 r
286 2589 388 2636 arma

338 2648 446 2707 PHIL.
466 2649 545 2710 Ouid
558 2648 648 2705 dicis
642 2649 652 2691 >
673 2647 757 2706 Num
769 2667 868 2711 rursus
880 2655 1029 2705 tentamur
1040 2646 1133 2705 dolis
1126 2649 1136 2690 ²

339 2727 487 2785 NEOPT.
507 2723 621 2797 Adjuro
634 2727 726 2784 sancti
736 2745 847 2789 numen
860 2745 1007 2785 summum
1020 2726 1107 2785 Jovis.

207 2816 284 2873 1290
339 2807 447 2864 PHlL
467 2805 559 2883 Oqui
571 2806 735 2897 gratissima
748 2807 820 2863 mrhr
832 2806 911 2872 dicrs
922 2803 1047 2861 simodo
1059 2805 1130 2863 dress
1142 2803 1228 2862 vera¹
1289 2806 1291 2810 ’
1344 2816 1351 2823 “

338 2884 484 2943 ΝΕΟΡΓ.
503 2884 584 2943 Ros
576 2902 638 2959 rpsa
656 2885 808 2944 manifesta
820 2887 891 2979 erit:
919 2901 984 2961 age,
999 2883 1131 2943 dextram
1142 2885 1294 2966 prptende,
1305 2892 1341 2946 et

268 2971 351 3021 tua
363 2965 416 3021 tibi
428 2983 498 3040 cape
510 2982 600 3022 arma.

289 3043 453 3102 ULYS.
475 3043 538 3120 Ego
551 3061 620 3101 vero
640 3051 717 3110 veto,
729 3042 781 3101 Dii
801 3050 871 3100 sunt
883 3051 979 3103 testes
1000 3039 1226 3121 Atridanunque
1243 3010 1338 3103 etlo-

298 3121 356 3181 trus
368 3123 510 3180 exercitus
523 3123 665 3180 nomine.
819 3152 822 3157 ·

206 3205 281 3262 1295
336 3199 443 3259 PHIL.
464 3201 491 3257 Ο
505 3201 556 3267 fili,
569 3197 724 3272 cujavoxl
745 3199 827 3257 Num
841 3199 972 3275 Ulyssem
985 3199 1101 3257 audivi?
1350 3223 1354 3231 ·

315 3279 450 3338 ULYS.
460 3281 600 3337 Cenares
613 3285 668 3345 est,
677 3286 707 3336 et
717 3296 813 3371 prope
811 3263 934 3354 quidem
948 3297 995 3350 me
1008 3278 1095 3346 vides,
1106 3281 1157 3356 qui
1167 3287 1196 3337 te
1209 3278 1248 3338 ad
1259 3277 1338 3339 Τιο-

292 3353 333 3431 jae
346 3377 463 3434 campos
475 3358 636 3415 abducam
628 3365 725 3433 ingrat
726 3359 760 3413 iis
772 3357 839 3422 tuis,
853 3357 923 3413 velit
935 3345 1043 3414 nolitve
1055 3358 1176 3415 Achillis
1187 3358 1279 3417 filius
1330 3383 1342 3411 r

335 3438 441 3497 PHIL.
461 3438 500 3497 At
513 3454 573 3494 non
586 3437 717 3527 impune,
727 3435 816 3493 modo
828 3435 883 3492 hoc
896 3452 956 3495 non
968 3435 1082 3493 aberret
1096 3437 1197 3497 telum
1282 3460 1291 3473 ·

204 3520 309 3583 ww
333 3515 478 3575 ΝΕΟΡΤ.
498 3514 564 3574 Ah!
588 3520 789 3592 nequaquam
797 3531 858 3577 ne,
871 3532 923 3588 per
935 3514 1022 3577 Deos
1036 3515 1153 3574 drmrtts
1163 3517 1314 3592 sagm-

328 3595 441 3654 ·.PH11.
461 3595 529 3653 Sine
543 3612 639 3652 meam
651 3611 781 3660 manum,
794 3610 846 3669 per
858 3593 935 3650 Deos
948 3593 1077 3657 obsecro,
1089 3595 1234 3655 cmissime
1247 3594 1304 3653 fili

332 3673 477 3732 ΝΕΟΡΤ
497 3674 682 3731 Nonsiuam

332 3752 440 3811 PHIL.
459 3752 543 3810 Vah!
565 3769 630 3810 cur
637 3752 734 3809 vim'm
753 3751 894 3811 infestum
914 3750 1030 3826 atque
1021 3750 1172 3811 mimicum
1189 3751 1336 3898 prniu‘hes

293 3848 342 3889 me
355 3831 483 3889 occidere
496 3831 608 3908 sagittis
622 3831 713 3886 meis?
853 3872 857 3887 .

281 3908 476 3967 N.EOPT
495 3911 535 3967 At
548 3927 652 3990 neque
655 3909 728 3967 nolu
740 3909 894 3965 honestum
906 3912 950 3964 est
961 3907 1029 3973 hoe
1041 3925 1139 3984 neque
1148 3907 1212 3967 tibi.
1299 3956 1302 3961 .

201 3924 312 4051 laos
332 3987 440 4050 PHIL.
460 3987 568 4045 Verum
594 3982 652 4044 hoe'
671 3988 773 4045 saltem
796 3989 879 4052 seito,
899 3986 1041 4065 principes
1064 3989 1127 4045 illos
1151 3986 1332 4047 Achivorum

127 4074 130 4081 '
293 4067 444 4132 exercitus,
458 4067 532 4123 nihil
554 4065 633 4122 alind
639 4085 739 4141 quam
753 4067 885 4124 sanitatis
904 4082 1050 4141 praecones
1063 4085 1134 4132 esse,
1144 4067 1272 4156 ignavus-
1290 4067 1346 4129 «L

281 4163 434 4223 pugnam,
446 4145 786 4222 linguaautemferoees.
864 4187 867 4197 .

332 4223 476 4283 ΝΕΟΡΓ.
496 4224 589 4282 Fato.
611 4233 644 4279 tu
667 4240 744 4280 nune
760 4223 888 4317 quidem
902 4238 1003 4282 arcum
1022 4170 1121 4347 halus,
1142 4239 1198 4283 nso
1210 4228 1258 4289 est
1275 4230 1351 4284 ew

241 4304 366 4371 ..mhi
373 4320 554 4375 ιιιιιιιιιιιι
563 4308 615 4383 ιιι
626 4319 676 4365 me
684 4302 849 4367 criurineris
855 4301 1022 4383 amplius.-
