2776 4882
396 266 732 336 PHILOCTETES.
1020 278 1080 338 ast

35 442 274 524 diligentissime,
288 443 343 501 hoc
356 443 439 509 mini,
452 444 508 500 hoc
521 445 631 501 occulte
644 443 761 518 dispice,
774 439 845 518 quid
857 441 951 499 facere
963 444 1082 519 cogites.
1099 442 1160 496 850

41 525 104 582 Scis
116 526 198 582 enim
211 541 299 600 quem
311 523 415 597 loquor
422 545 431 592 3
454 524 479 578 si
492 540 561 579 cum
574 523 625 578 illo
636 523 736 586 sentis,
750 521 942 594 prudentibus
955 522 1082 579 maxime

42 603 146 661 datum
158 604 330 679 perspicere,
344 619 402 676 quo
413 619 444 656 se
457 609 542 676 pacto
554 619 590 658 ex
602 600 817 658 difficultatibus
831 601 981 656 extricent.
1006 602 1083 657 Sane
1100 600 1159 653 855

43 694 146 738 ventus
171 681 298 755 adspirat
315 680 476 735 secundus:
499 681 542 735 vir
563 679 611 736 hic
632 680 705 736 nihil
725 678 828 743 cernit,
849 696 904 754 ope
928 680 1084 737 destitutus

45 762 137 826 omni,
150 759 278 816 tenebris
299 775 420 823 mersus,
438 765 589 832 porrectus
605 754 693 829 jacet.
733 757 912 829 Commodus
932 765 976 814 est
1001 759 1084 815 nobis

10 866 12 873 ·
46 855 163 895 somnus
175 839 257 894 omni
270 838 375 893 timore
388 854 503 902 vacuus,
518 854 572 892 ncc
584 855 698 901 manus,
711 854 765 893 nec
778 837 866 910 pedis,
881 853 935 892 nec
946 834 1022 892 alius
1042 838 1085 894 rei
1102 837 1163 891 860

10 876 22 957 ι’
48 917 217 989 permittens
236 934 341 973 usum:
361 915 422 980 sed,
434 915 544 972 viden’?
567 916 643 973 haud
663 914 800 973 absimilis
812 925 855 971 est
876 915 987 971 homini
1006 934 1085 974 mor·
1154 958 1158 965 -

50 1001 108 1052 tuo.
145 994 220 1057 Quae
233 994 360 1068 tempori
378 995 552 1051 conveniant
568 991 656 1066 jube:
679 994 831 1069 negotium
844 993 910 1061 hoc,
923 997 942 1050 ὂ
955 993 1006 1059 fili,
1020 1013 1085 1053 mea

10 1094 12 1099 ·
53 1073 163 1131 solertia
173 1073 279 1131 confici
291 1079 405 1147 potest:
427 1072 509 1128 labor
521 1072 628 1149 absque
640 1081 720 1129 metu
735 1073 871 1146 optimus.

19 1216 22 1221 ,
87 1150 232 1209 ΝΕΟΡΓ.
253 1152 362 1208 Tacere
375 1158 405 1207 te
415 1147 518 1224 jubeo,
531 1161 562 1206 et
572 1169 732 1226 praecavere
745 1150 816 1206 tibi:
837 1157 932 1208 motat
944 1148 1024 1210 enim
1037 1153 1085 1210 hic
1100 1147 1160 1204 865

55 1229 94 1286 vir
104 1231 209 1296 oculos,
222 1230 367 1306 erigitque
378 1241 475 1305 caput.

51 1349 54 1353 -
90 1308 194 1367 PHIL.
208 1309 236 1364 0
247 1309 300 1364 iux
311 1310 407 1366 somni
414 1309 489 1364 vices
501 1307 683 1383 excipiens&
694 1326 776 1382 spem
789 1307 935 1384 fidemque
946 1327 1086 1383 superans

60 1383 194 1462 hospitum
208 1389 316 1445 horum
329 1387 475 1444 custodia!
497 1405 648 1463 nunquam
659 1387 778 1449 enim,d
791 1396 869 1452 nate,
882 1387 956 1444 mihi
969 1405 1084 1461 persua·

61 1463 147 1524 sissem
161 1474 190 1523 te
203 1467 303 1524 animo
314 1466 387 1523 adeo
399 1466 468 1522 forti
481 1474 511 1522 et
523 1465 701 1522 misericordi
713 1466 889 1522 calamitates
901 1484 979 1522 meas
991 1467 1084 1542 perla-
1101 1466 1161 1527 870

64 1547 158 1611 tunm,
168 1544 355 1602 adsistentem
368 1545 451 1609 mihi,
461 1562 603 1621 opemque
614 1546 765 1601 ferentem.
787 1543 877 1601 Haud
888 1562 957 1602 sane
964 1545 1083 1612 Atridae,

64 1615 121 1679 boni
132 1623 175 1680 illi
186 1623 283 1688 duces,
296 1641 343 1679 eas
356 1629 417 1679 tam
436 1623 519 1680 facile
539 1624 662 1680 tolerare
681 1625 891 1680 sustinuerunt.
932 1623 988 1680 Sed
1008 1633 1052 1689 tu,
1066 1625 1086 1681 d
1101 1624 1159 1684 875

65 1695 219 1778 filiquippe
234 1703 284 1778 qui
302 1719 446 1778 generosa
464 1721 495 1759 es
515 1700 622 1768 indole,
643 1710 673 1758 et
692 1719 729 1758 ex
747 1703 895 1778 generosis
914 1712 1085 1780 prognatus,

64 1781 149 1837 omnia
163 1781 227 1839 haec
245 1780 319 1836 levia
331 1780 449 1845 duxisti,
461 1781 529 1836 licet
542 1780 675 1856 oppletus
688 1780 862 1838 clamoribus
874 1783 956 1847 meis,
969 1783 1086 1839 ulceris·

10 1852 13 1935 ζ
62 1869 110 1927 que
126 1859 238 1918 foetore.
276 1857 319 1915 Et
339 1876 427 1924 nunc,
445 1859 560 1936 quando
580 1855 669 1932 hujus
689 1859 758 1917 mali
777 1858 892 1917 videtur
911 1861 1007 1937 aliqua
1025 1879 1086 1918 esse

12 1960 16 1965 ·
62 1931 157 1994 oblivio
168 1947 198 1994 et
218 1939 343 2014 requies,
356 1938 408 2004 fili,
421 1946 455 1993 tu
475 1955 522 1999 me
541 1939 601 2013 ipse
621 1937 702 2002 tolle,
717 1944 751 1994 tu
763 1956 811 1994 me
824 1941 855 1996 in
874 1939 961 2012 pedes
980 1948 1085 2007 statue,

59 2005 264 2095 fili,ut‚,quum
282 2017 409 2093 languor
427 2016 554 2087 desierit,
571 2034 670 2074 eamus
690 2017 726 2074 ad
746 2034 859 2083 navem,
880 2036 934 2075 uec
952 2019 984 2077 in
1004 2021 1163 2077 morasse

57 2093 222 2157 profectioni
235 2095 334 2152 simus.
557 2134 560 2139 <

96 2167 234 2231 NEOPT.
255 2172 376 2230 Gaudeo
395 2173 529 2250 equidem
542 2173 619 2249 quod
639 2180 745 2248 praeter
763 2192 845 2248 spem
864 2183 894 2232 te
906 2177 1023 2234 intueor
1034 2176 1087 2234 do-
1119 2176 1123 2182 “

52 2233 115 2306 lOre
126 2271 257 2320 vacuum,
270 2251 415 2309 videntem
435 2260 466 2308 et
486 2253 644 2326 spirantem
663 2253 766 2310 adhuc.
805 2253 864 2310 Pro
883 2272 918 2310 ea
936 2257 1016 2312 enim
1031 2274 1088 2333 qua
1159 2304 1164 2313 .

52 2329 226 2389 premebaris
244 2331 418 2401 calamitate,
431 2338 460 2386 et
479 2331 569 2405 siguis
582 2349 646 2407 quae
667 2332 709 2387 tui
728 2329 825 2398 dabas,
846 2332 922 2390 haud
942 2342 1087 2409 superstes
1106 2342 1166 2411 886

51 2393 165 2466 futurus
184 2409 333 2467 videbaris.
373 2409 461 2466 Nunc
480 2426 551 2485 ergo
570 2417 662 2466 temet
680 2411 760 2486 erige
770 2435 778 2480 5
808 2419 859 2468 aut
878 2415 903 2468 si
922 2412 975 2468 tibi
993 2415 1087 2490 magis
1202 2404 1210 2435 ³

52 2477 154 2551 aaut,
166 2488 326 2563 portabunt
342 2495 373 2544 te
392 2488 456 2545 isti:
478 2488 556 2544 hunc
576 2489 654 2544 enim
673 2488 804 2548 laborem
823 2506 884 2547 non
903 2493 1087 2561 recusabunt,

53 2567 167 2630 qumdo
180 2567 235 2623 tibi
247 2567 377 2642 mihique
389 2568 430 2623 ita
442 2567 534 2623 visum
547 2576 590 2624 est
602 2568 704 2625 facere.

94 2639 197 2711 PHlL.
218 2647 320 2703 Gratia
336 2647 389 2712 cst,
402 2645 421 2702 d
433 2645 486 2711 fili,
498 2653 585 2720 atque
597 2647 678 2722 erige
690 2664 748 2713 me,
760 2656 795 2704 ut
806 2649 933 2725 cogitas:
954 2650 1008 2708 hos
1019 2666 1088 2709 vero
1106 2661 1167 2717 890

54 2716 151 2782 ¹¹1imos
162 2724 220 2791 fac,
229 2742 276 2791 ue,
288 2731 444 2802 antequam
457 2741 572 2781 necesse
584 2725 631 2791 sit,
644 2735 721 2782 tetro
732 2737 891 2802 graventur
903 2729 1005 2801 odore,
1020 2733 1088 2791 satis

56 2798 129 2861 'inim
140 2802 199 2876 illis
211 2803 365 2860 molestum
379 2805 435 2860 erit
447 2811 649 2860 convectorem
662 2823 709 2860 me
722 2805 837 2863 habere.
941 2818 944 2824 '

92 2876 235 2941 amar.
255 2881 320 2939 Fiet
327 2906 337 2952 3
358 2882 408 2939 sed
420 2883 555 2947 consiste,
568 2890 598 2938 et
609 2882 735 2941 firmiter
747 2885 819 2942 mihi
831 2885 956 2945 adhaere.

91 2955 197 3029 PHIL.
217 2959 303 3035 Bono
314 2961 414 3021 animo
426 2980 465 3027 es,
478 2961 565 3017 solito
577 2979 625 3017 me
637 2979 704 3019 mco
716 2981 798 3019 more
810 2965 930 3040 erigam.
1135 2987 1145 3005 =

92 3034 236 3097 NEOPP.
257 3038 360 3115 Papae!
395 3039 474 3103 Quid
487 3057 566 3097 nunc
578 3057 666 3114 porro
678 3042 785 3116 agam?
957 3054 959 3058 ·
1107 3056 1166 3113 395

92 3114 201 3179 PHlL.
222 3117 370 3179 Quidnam
378 3130 436 3183 est,
449 3119 467 3175 d
480 3119 542 3175 fili?
564 3136 692 3195 quonam
704 3119 759 3176 tibi
771 3126 910 3196 evagatur
921 3126 1036 3181 sermo?

91 3192 238 3255 Naorr.
257 3195 372 3253 Dubius
384 3199 496 3262 haesito,
509 3195 560 3274 qui
574 3215 636 3254 rem
649 3198 797 3257 infandam
809 3201 946 3275 incipiam
959 3195 1047 3281 loqui.

92 3272 201 3341 PHIL.
219 3275 304 3333 Tune
316 3274 420 3334 dubius
434 3277 568 3335 haesitas?
590 3293 627 3332 ne
640 3277 717 3333 istud
729 3277 816 3344 dicas,
829 3290 907 3337 nate.
1048 3272 1051 3279 ¹

92 3350 238 3413 Naotrr.
259 3355 298 3412 At
310 3372 388 3411 nunc
401 3356 457 3417 hoc
469 3355 532 3430 ipso
544 3355 644 3413 laboro
655 3355 850 3416 incommodo.

93 3430 201 3495 PHIL.
220 3430 292 3501 Non
307 3443 347 3500 te,
361 3451 467 3510 quaeso,
482 3434 577 3491 morbi
596 3433 747 3492 difficultas
768 3438 826 3493 mei
845 3440 990 3512 permovit
1007 3439 1089 3507 adeo,
1107 3449 1167 3504 900

65 3513 92 3566 ut
101 3530 147 3568 me
159 3511 284 3586 amplius
297 3512 370 3570 nolis
377 3520 527 3570 vectorem
539 3512 680 3570 abducere
692 3515 702 3568 ?
779 3556 782 3561 .

95 3586 240 3648 NEOPP.
259 3591 368 3648 Omnia
379 3591 516 3658 difficilia,
529 3594 756 3670 quotiescunque
768 3591 866 3651 indole
877 3612 930 3652 sua
940 3597 1091 3673 quisquam

68 3664 163 3745 talieta,
177 3668 306 3727 moribus
319 3671 377 3727 suis
390 3670 544 3746 indignum
557 3670 663 3747 aliquid
676 3673 812 3746 inceptat.

97 3745 202 3811 PHIL.
221 3749 262 3805 At
281 3748 355 3807 nihil
376 3755 456 3824 patre
475 3749 630 3824 indignum
650 3757 702 3827 tuo
721 3758 755 3806 tu
768 3751 885 3826 quidem
904 3751 983 3821 facis,
996 3770 1092 3830 neque
1109 3767 1167 3821 905

73 3816 137 3889 ditm,
150 3827 182 3893 ip
193 3825 305 3897 bouum
318 3827 412 3884 virum
424 3827 598 3885 beneficium
611 3828 771 3892 conferens.
999 3850 1002 3855 ’

99 3900 238 3979 NEOPT,
252 3903 381 3980 Turpem
394 3905 498 3963 subibo
510 3915 626 3964 notam:
646 3908 701 3964 hoc
714 3926 761 3965 me
769 3904 943 3980 jamdudum
956 3919 1091 3970 macerat.

102 3978 203 4114 ξῌΠι.
223 3983 294 4043 Non
311 4001 381 4041 saue
401 3983 439 4042 ob
458 4002 492 4042 ea
505 4003 568 4062 quae
586 3985 675 4043 facis:
698 3986 735 4043 ob
752 4005 786 4044 ea
798 4004 866 4045 vero
880 4007 943 4065 quae
955 3990 1092 4067 loqueris,

77 4069 113 4112 am
178 4105 184 4118 .
645 4068 647 4073 .

105 4078 241 4199 ngllOOI'F.
268 4140 296 4197 Ο
321 4124 448 4218 Jupiter,
474 4142 543 4220 quid
568 4136 676 4218 agam?
706 4143 868 4203 ¹Iterumne
893 4145 1092 4222 deprehendar

81 4207 364 4355 irfflffiffsoemdo'
383 4239 447 4300 quae
469 4224 561 4279 celare
586 4222 676 4290 nefas,
703 4225 922 4303 turpissimaque
948 4224 1091 4331 loquendo

224 4540 422 4788 a
