2776 4882
184 258 250 325 266
583 253 810 325 ELECTRA.

103 472 151 517 .··.-.·
186 429 302 568 (ΓΜ.
321 426 467 507 Qum
486 445 566 497 sane,
586 438 692 505 prater
710 447 823 491 morem
841 430 1023 496 tuum‚mihl
1039 444 1230 509 narmgan·

207 528 279 567 rum.

225 586 287 645 ΕΒ.
308 585 834 654 Gaude‚sitibilaetahaecaocidunt
1032 621 1036 628 ·

225 665 302 725 AEG.
323 666 413 723 Silere
428 660 530 737 jubeo,
543 673 574 722 et
592 665 680 740 pandi
692 666 778 732 fores,
791 676 825 723 ut
837 668 993 742 conspiciat
1004 665 1226 742 Mycenensium

94 739 172 796 14⁶0
187 745 420 821 Argivorumque
432 744 526 801 omnis
545 744 715 816 multimdo,
728 753 772 810 ut,
784 745 810 802 si
822 746 885 825 quis
903 763 1007 805 eorum
1025 752 1112 803 antea
1124 745 1229 802 etatis

186 824 287 881 fuisset
299 824 380 880 inani
390 840 442 898 spe
454 821 564 880 reditus
576 822 654 881 illins
667 822 731 890 viri,
743 831 823 881 'nunc
837 834 986 882 munuum
1006 841 1076 883 enm
1094 824 1226 888 inmens,

186 903 270 959 frena
284 901 406 979 accipiat
425 917 500 967 mea,
512 909 601 977 atque
619 901 698 959 ultro
716 902 754 960 ad
772 920 843 961 sana
861 904 980 961 consilia
998 902 1108 965 redeat,
1121 917 1183 960 non
1194 901 1228 958 vi

186 989 312 1048 coactio,
323 998 428 1059 meque
442 980 645 1056 castigatorem
658 989 802 1056 expertus.
1026 1041 1031 1047 ,

94 1053 186 1106 1455'
225 1056 288 1116 BL.
309 1056 357 1116 Fit
370 1060 424 1115 hoc
438 1058 554 1136 quidem
566 1077 585 1114 a
596 1077 643 1115 me
656 1079 663 1115 :
684 1059 804 1118 tandem
817 1060 896 1118 enim
908 1077 1008 1136 sapere
1020 1058 1118 1126 didici,
1131 1065 1163 1116 et
1175 1075 1225 1117 me

124 1181 126 1185 ,
186 1136 637 1215 potentioribusaccornmodare.

225 1214 301 1273 AEG.
322 1216 349 1272 0
362 1214 494 1290 Jupiter!
516 1233 580 1272 rem
596 1216 688 1280 video,
702 1215 781 1274 dicto
800 1216 875 1274 absit
893 1216 1088 1292 invidiaque
1101 1215 1226 1291 pulchre

113 1332 159 1367 ῃ,
185 1304 217 1351 et
237 1294 361 1351 feliciter
382 1293 504 1350 cecidit:
526 1295 572 1351 sin
594 1295 675 1352 adest
696 1295 839 1362 Nemesis,
859 1295 1000 1353 indictum
1023 1294 1098 1351 volo.
1136 1293 1226 1349 Vela}

91 1370 96 1379 '
154 1366 158 1375 ’
168 1413 171 1417 -
185 1382 320 1431 mentum
331 1391 418 1431 omne
433 1384 577 1429 removete
589 1372 626 1430 ab
635 1375 735 1441 oculis,
745 1383 781 1432 ut
792 1375 926 1432 lamentis
935 1374 1023 1431 etiam
1033 1372 1105 1430 meis
1114 1388 1225 1449 cogna-

185 1454 228 1507 tio
241 1452 372 1509 debitum
386 1460 578 1526 consequatur
588 1452 740 1510 honorem.

94 1541 172 1600 1470
225 1529 291 1586 OR.
311 1530 358 1586 Tu
370 1531 431 1604 ipse
444 1529 576 1588 auferto:
598 1547 660 1587 non
672 1549 771 1589 meum
784 1531 849 1597 hoc,
862 1529 912 1588 sed
926 1537 1008 1588 tuum
1021 1528 1149 1589 officium
1168 1535 1224 1590 est.

186 1611 270 1667 hasce
283 1609 418 1685 reliquias
430 1609 549 1673 intueri,
562 1615 592 1667 et
604 1610 777 1686 compellare
791 1609 979 1667 familiariter.
1263 1632 1266 1637 ’

224 1687 301 1744 AEG.
324 1684 414 1744 Recte
434 1686 552 1763 quidem
572 1705 683 1755 mones,
702 1689 813 1764 tibique·
832 1705 944 1746 morem
962 1703 1082 1764 geram:
1103 1693 1137 1743 tu
1154 1701 1226 1742 vero

135 1762 138 1767 ’
186 1783 256 1822 voca
269 1766 340 1822 mihi
355 1765 613 1840 Clytaemnestram,
627 1766 717 1824 sicubi
728 1767 809 1824 dorni
822 1775 874 1824 est.
1021 1790 1024 1795 ·
1180 1830 1183 1835 ,

225 1843 292 1901 OR.
310 1844 387 1900 Ecce
399 1844 462 1919 ipsa
474 1861 564 1958 prope
574 1852 604 1901 te
617 1854 677 1902 est:
700 1863 737 1902 ne
746 1841 809 1919 jam
821 1846 959 1904 aliorsum
971 1850 1077 1920 specta.

93 1930 169 1991 1475
224 1922 302 1979 AEG.
325 1921 376 1979 Vae
389 1922 481 1979 milri.
515 1922 593 1984 Quid
606 1924 712 1981 video?
1221 1962 1224 1969 -

104 2040 107 2045 -
224 2000 290 2057 ΟΒ.
310 1999 405 2060 Quem
420 2001 526 2058 times?
549 2020 635 2077 quem
649 2020 709 2060 uon
721 2004 852 2080 agnoscis
863 2004 884 2059 l·

224 2078 301 2136 AEG·
323 2080 526 2140 Quorumnam
540 2081 694 2153 hominum
706 2083 738 2138 in
751 2081 862 2139 medios
873 2097 965 2138 casses
977 2079 1064 2135 miser
1073 2074 1181 2133 incidi?

224 2157 290 2215 (lli.
311 2156 383 2214 Non
401 2155 480 2216 enim
499 2160 599 2227 sentis,
619 2168 654 2217 ut
671 2159 784 2218 dudum
800 2161 888 2227 vivos,
901 2159 983 2237 quasi
1002 2163 1132 2213 mortuos
1152 2154 1224 2211 allo·

204 2238 304 2294 ueris?
922 2258 926 2270 ¹
1181 2270 1186 2277 ·
1219 2242 1224 2249 '

159 2352 166 2367 .
185 2255 204 2312 q
226 2314 302 2373 AEG.
325 2313 384 2394 Hei
396 2313 488 2372 milri!
509 2314 620 2374 dictum
637 2316 780 2396 intelligo.
819 2317 891 2375 Nou
903 2315 982 2373 enim
994 2311 1058 2371 lieri
1070 2316 1176 2387 potest,
1189 2317 1224 2367 ut

92 2400 169 2455 1480
187 2392 233 2453 hic
247 2394 356 2452 nonsit
368 2393 496 2458 Orestes,
507 2395 557 2471 qui
569 2413 617 2453 me
628 2397 794 2473 alloquitur.
835 2462 837 2466 ,

224 2472 290 2530 OR.
308 2471 374 2529 Iltsi
386 2473 514 2548 optimus
526 2491 556 2530 es
569 2481 657 2541 vates,
670 2474 783 2534 dudum
796 2481 896 2532 tamen
907 2471 994 2532 falsus
1006 2489 1046 2529 es.

224 2549 301 2608 AEG.
322 2551 400 2609 Perii
419 2552 549 2626 profecto
562 2553 668 2611 miser:
689 2553 741 2612 sed
760 2554 832 2612 mihi
854 2553 990 2629 permitte
1009 2564 1101 2627 pauca
1118 2545 1224 2605 saltem

185 2629 249 2687 fari.
954 2672 956 2677 .

223 2705 288 2766 EI..
306 2703 364 2770 Ne,
376 2724 427 2782 per
439 2706 518 2765 Deos
527 2725 636 2785 quaeso,
649 2708 749 2776 frater,
761 2710 839 2767 siuas
851 2727 920 2767 eum
932 2706 1053 2765 ulterius
1065 2703 1155 2780 loqui,
1168 2664 1233 2759 neci

91 2792 167 2846 1485
185 2785 291 2863 longos
303 2786 460 2859 producere
472 2803 629 2846 sermones.
652 2788 732 2850 Quid
744 2789 824 2846 enirn
836 2790 927 2846 homo
936 2792 1090 2861 coopertus
1100 2781 1224 2839 miseriis

185 2871 217 2920 et
228 2866 317 2921 morti
329 2862 489 2922 destinatus
503 2864 582 2923 brevi
594 2883 677 2925 mora
695 2867 769 2926 lucri
788 2867 881 2926 ferat?
903 2865 954 2923 aed
966 2880 1053 2944 quam
1071 2860 1223 2929 celerrime

186 2959 255 2999 eum
273 2942 414 3009 interfice,
428 2943 673 3022 interfectumque
695 2963 826 3023 propone
846 2941 1073 3022 pollinctoribus,
1088 2955 1161 3016 quos
1177 2937 1224 2997 (li-

91 3030 168 3084 14⁹0
185 3038 262 3097 gnus
281 3031 325 3079 est
344 3022 477 3090 nancisci,
490 3023 579 3100 longe
591 3042 610 3081 a
622 3032 723 3083 nostro
741 3033 907 3100 conspectu.
946 3022 1082 3098 Namque
1101 3017 1224 3076 unicum

185 3101 241 3157 hoc
253 3098 327 3158 mihi
339 3108 467 3158 veterum
481 3101 626 3161 malorum
637 3102 727 3161 fuerit
738 3103 908 3166 remedium.

207 3176 288 3236 ΟΒ.
309 3178 420 3236 lintro
432 3196 573 3254 propere:
595 3182 674 3240 haud
690 3184 769 3252 enim
789 3199 868 3241 ntrnc
886 3193 1054 3239 sermonum
1073 3179 1225 3232 certamen

185 3266 239 3322 est,
251 3257 301 3314 scd
314 3256 350 3314 ‹le
364 3264 416 3315 tuo
425 3260 532 3335 capite.
936 3306 939 3313 .
1229 3308 1233 3330 ἱ

141 3378 152 3417 2
224 3335 301 3394 AEG.
323 3335 401 3393 Nanr
416 3353 468 3394 cur
484 3338 563 3394 intro
583 3356 631 3396 me
650 3338 750 3398 ducis?
772 3340 796 3396 si
815 3340 895 3396 factu
914 3335 1070 3413 pulchrum
1087 3337 1132 3389 est
1145 3327 1238 3409 quod.

167 3408 258 3492 agis,
271 3414 341 3494 quid
354 3415 480 3472 tenebris
493 3418 583 3492 opus?
621 3417 702 3478 Quin
713 3419 813 3475 statim
826 3416 985 3474 interficis?
1186 3454 1190 3463 ‚

19 3512 22 3517 ·
91 3498 166 3554 1495
224 3492 290 3551 ΟΒ,
310 3493 381 3551 Noli
397 3489 519 3565 jubere3
542 3493 593 3552 sed
611 3513 647 3552 eo
661 3495 741 3564 vade,
760 3495 812 3555 ubi
831 3505 944 3572 patrem
963 3508 1064 3551 meum
1082 3484 1236 3555 occidisti,

185 3579 219 3629 ut
231 3573 263 3628 in
275 3572 377 3643 eodem
390 3573 454 3630 loco
467 3573 607 3631 moriaris.
887 3620 891 3629 .
936 3594 948 3615 ’-

224 3649 301 3706 AEG.
323 3650 436 3727 Ecquid
455 3653 577 3727 omnino
597 3669 712 3717 necesse
730 3660 774 3711 est
786 3653 861 3710 hanc
873 3651 995 3709 'domum
1007 3646 1135 3723 aspicere
1148 3663 1224 3722 pm·

170 3728 332 3805 ¹sentiaque
346 3740 376 3785 et
389 3728 489 3787 futura
501 3730 705 3806 Pelopidarum
716 3732 896 3789 infortunia?

225 3805 291 3864 ΟΒ.
310 3805 374 3863 Tua
386 3817 483 3881 certeq
503 3826 560 3885 ego
573 3818 650 3867 vates
660 3809 714 3867 tibi
726 3827 790 3867 sum
804 3811 858 3868 hac
870 3812 902 3866 in
915 3825 947 3866 re
959 3806 1133 3867 verissimus·

90 3885 169 3963 Ι1500
223 3883 301 3941 AEG.
322 3886 413 3960 Atqui
425 3886 504 3943 haud
516 3899 666 3962 paternam
679 3889 754 3945 hanc
766 3899 859 3949 artem
867 3885 992 3961 jactitas.
1010 3960 1013 3964 Ι
1082 3959 1085 3962 .

105 3962 110 3974 '
224 3962 290 4020 OR.
310 3962 440 4021 Multum
452 3964 602 4042 obstrepis,
616 3984 670 4025 nec
681 3968 793 4035 interea
804 3974 955 4047 maumam
966 3959 1092 4043 gradum
1100 3986 1112 4036 ᾗ
1133 3972 1224 4041 perge

184 4043 193 4098 i
217 4044 283 4099 itur.
1069 4086 1072 4091 ⁴
1137 4078 1140 4083 .

194 4059 300 4177 gAEG.
322 4119 418 4196 Iprae.

222 4197 288 4258 ΟΒ.
307 4197 350 4258 Te
362 4201 466 4276 praeire
478 4207 603 4281 oportet.
