2776 4882
72 612 179 817 ι’
278 656 959 778 socnocnis·

385 944 759 1033 ·ELECTRA.

474 1272 685 1309 *u*—

103 1530 206 1609 P‘AED,
229 1502 276 1601 Ο
292 1544 496 1632 Duc'ronis
509 1546 653 1607 exercitus
669 1541 741 1607 oiim
760 1546 797 1608 ad
812 1545 932 1622 'l'rojam
945 1548 1108 1629 Agamem

70 1629 150 1685 nonis
162 1627 214 1695 fili,
228 1644 307 1685 nunc
319 1643 418 1685 coram
432 1629 539 1685 intueri
552 1628 605 1685 tibi
619 1628 688 1685 licet
696 1627 754 1694 iila,
765 1646 890 1704 quomm
900 1629 982 1688 fuisti
989 1640 1105 1707 semper
1158 1693 1162 1701 ,

67 1705 195 1782 cupidus.
234 1704 301 1764 Hoc
313 1706 392 1764 enim
405 1714 487 1763 vetus
500 1706 573 1763 iliud
587 1706 681 1783 Argos
697 1715 751 1773 est,
766 1706 845 1784 quod
857 1707 1019 1767 desiderare
1030 1710 1104 1767 soie·
1127 1722 1138 1767 ·.
1155 1733 1160 1743 ·

65 1783 129 1843 bas:
150 1785 198 1842 hic
210 1785 292 1842 lucus
305 1796 348 1841 ast
360 1792 450 1843 oestro
464 1786 582 1861 percitae
600 1784 702 1842 Inachi
721 1787 843 1860 puellm:
864 1800 963 1862 porto,
976 1788 1019 1845 mi
1030 1787 1105 1846 Ore·¹
1120 1792 1139 1847 5

62 1870 129 1927 ates,
142 1864 200 1920 hoc
211 1863 340 1939 Lyceum
362 1864 458 1921 forum
478 1871 522 1920 est
541 1863 677 1940 lupicidae
693 1862 751 1922 Dei
758 1888 768 1935 3
789 1864 828 1923 ad
845 1865 948 1924 iaevam
964 1864 1104 1941 inclytum

61 1941 118 2001 hoc
130 1951 176 1999 est
188 1940 209 1998 J
210 1942 315 1999 ononis
328 1940 488 2017 templum:
510 1959 570 2018 quo
582 1958 651 2000 vero
663 1943 857 2017 pervenimus,
867 1944 952 2001 crede
963 1956 992 2001 te
1004 1944 1104 2021 Myce-

62 2032 114 2079 nas
127 2020 280 2095 opulentas
292 2037 420 2087 cernere,
434 2021 637 2097 cxitiaicmque
649 2022 855 2097 Pelopidarum
875 2022 1006 2089 domum,
1025 2023 1105 2081 unde
1122 2030 1161 2085 lo

61 2109 91 2156 te
104 2096 177 2156 olim
190 2116 207 2155 e
220 2110 342 2173 paterna
356 2099 434 2156 caede
451 2108 596 2173 ereptum,
618 2098 815 2177 traditumque
834 2101 907 2158 mihi
926 2120 945 2157 a
964 2114 1105 2177 germana

60 2183 115 2235 tue
122 2194 222 2235 sorore
231 2176 346 2239 abstuli,
358 2188 387 2234 et
399 2181 517 2245 servavi,
528 2184 558 2234 et
568 2177 685 2234 educavi
693 2179 752 2237 huc
760 2196 852 2256 usque
861 2181 964 2245 etatis,
974 2178 1103 2255 patei-ne

59 2257 142 2315 necis
154 2256 289 2331 ultorem,
328 2256 416 2313 Nunc
433 2257 535 2333 igitur,¹
555 2256 671 2322 Oresta,
683 2263 774 2334 tuq'ue
786 2258 934 2332 hospitum
947 2260 1102 2325 carissime,
1123 2264 1160 2316 15

21 2354 25 2359 ·
59 2332 180 2411 Pylade,
211 2334 263 2391 uid
274 2334 352 2393 facto
364 2353 438 2411 opus
449 2336 488 2394 sit
499 2334 579 2393 ocius
588 2333 814 2393 deliberandum.
833 2332 1105 2413 Namquejampo

60 2412 107 2471 bis
125 2352 258 2471 lucidum
277 2412 345 2470 solis
360 2408 450 2484 jubar
469 2414 627 2471 matutinos
646 2414 753 2471 excitat
771 2415 873 2472 alitum
886 2423 989 2471 cantus
1001 2414 1103 2483 claroS,

59 2493 218 2569 nigraeqte·
234 2493 327 2551 noctis
349 2492 479 2551 occidere
497 2504 583 2551 astra.
636 2492 808 2570 Priusquam
833 2494 932 2573 igitur¹
949 2494 1104 2554 hominum
1119 2501 1162 2557 ἦθ’

59 2572 215 2649 quisquam
226 2570 305 2629 foms
316 2568 494 2646 egrediatur,
507 2569 682 2629 conferenda
700 2580 769 2628 sunt
785 2572 921 2629 consiliat
942 2590 1010 2631 nam
1024 2574 1056 2630 in
1068 2590 1105 2631 eo

56 2666 173 2716 sumus,
186 2647 237 2705 ubi
249 2650 381 2727 segnitiae
392 2649 467 2707 nihil
476 2650 650 2726 estamplius
661 2650 728 2717 ioci,
738 2650 789 2707 sed
799 2659 956 2727 properato
965 2669 1037 2729 opus
1051 2660 1103 2711 est,
1124 2700 1129 2705 .
1153 2714 1158 2723 Ι

97 2726 169 2785 oli.
188 2722 405 2787 O'iamulorum
417 2729 573 2796 carissime,
587 2746 675 2807 quam
686 2738 767 2787 certa
778 2730 851 2787 mihi
868 2730 975 2788 indicia
987 2730 1104 2811 cxiiibes
1141 2728 1144 2733 ’

59 2806 198 2866 benevoli
209 2806 241 2883 in
254 2824 307 2863 nos
322 2804 431 2873 ¹enimi!
454 2806 708 2869 Quemadmodum
729 2809 809 2865 enim
826 2824 985 2887 generosus
1001 2828 1103 2887 equus,
1119 2816 1159 2891 25,

59 2886 118 2945 etsi
122 2880 189 2957 jam
197 2885 359 2957 consenuit,
369 2886 401 2941 in
412 2885 540 2961 periculo
552 2893 651 2943 tamen
661 2901 722 2943 non
729 2884 827 2943 deficit
837 2888 946 2953 auimo,
960 2887 1010 2944 sed
1018 2906 1103 2946 aures

57 2962 173 3039 arrigit,
190 2962 231 3020 sic
253 2958 284 3022 st
300 2971 335 3021 tu
355 2981 465 3043 nosque
485 2964 596 3027 incitas,
611 2973 642 3022 et
660 2965 721 3039 ipse
738 2965 816 3021 inter
835 2964 945 3039 primos
966 2968 1102 3043 sequeris.

59 3036 190 3121 Proinde
203 3060 269 3134 quas
285 3042 397 3099 decrevi
411 3040 464 3101 ubi
483 3060 642 3119 exponam:
665 3052 701 3101 tu
713 3060 781 3099 vero
794 3043 884 3100 acutis
896 3044 1013 3101 a'un'bus
1025 3044 1103 3102 dicta
1117 3052 1158 3105 30

58 3141 128 3181 mea
139 3116 286 3187 hauriens,
299 3121 323 3177 si
336 3120 406 3198 quid
418 3140 436 3179 a
448 3140 480 3179 re
494 3121 606 3187 aberro,
620 3121 743 3198 corrige.
778 3122 845 3199 Ego
858 3118 1102 3200 enim-poetquani
1164 3132 1169 3145 '

58 3196 238 3278 Delphicum
248 3196 307 3258 adii
319 3200 478 3267 macutum,
493 3208 528 3258 ut
540 3199 680 3257 discerem
693 3200 819 3276 quonam
839 3194 927 3259 modo
944 3214 1043 3275 poenas
1054 3210 1103 3259 sui

58 3297 172 3345 merem
186 3276 276 3353 patris
288 3276 517 3353 ab'occisoribus,
532 3276 587 3335 hoc
607 3278 680 3335 mihi
698 3296 868 3354 responsum
880 3278 972 3337 edidit
985 3280 1100 3355 Apollo,
1117 3284 1169 3337 85·

57 3350 212 3437 quodjmn
223 3356 338 3415 audies:
361 3356 457 3414 Solum
477 3376 529 3425 me,
549 3374 598 3413 nec
616 3372 765 3423 armornm,
782 3374 831 3415 nec
849 3360 982 3415 exercitus
998 3361 1101 3417 instru-

59 3444 136 3499 ctum
149 3434 385 3511 opporoiu„clam
397 3453 430 3493 cc
438 3436 547 3509 insidiis
556 3438 684 3492 irretitam
695 3434 797 3515 inferre
809 3454 892 3493 rnann
902 3455 999 3494 necem.
1020 3436 1102 3498 Quo-
1122 3442 1124 3447 '

57 3516 140 3575 niam
152 3516 245 3593 igitur
256 3512 314 3571 tale
327 3514 477 3583 oraculum
489 3514 659 3578 audivimus,
680 3525 713 3571 tu
732 3514 858 3592 quidem,
876 3514 927 3572 ubi
941 3523 969 3571 te
983 3514 1102 3573 inducet

57 3593 201 3669 temporis
218 3592 431 3671 opportunitas,
454 3594 506 3651 itus
517 3592 603 3651 sedes
619 3592 781 3669 ingressus,
803 3592 848 3653 nc
866 3593 999 3651 rescissus
1017 3594 1100 3670 quid·
1116 3599 1159 3651 40

78 3668 145 3741 uid]
153 3666 233 3749 frctus
251 3668 360 3757 agitur,
380 3679 419 3737 ut¹
434 3670 560 3749 cognitis
578 3670 724 3737 omnibus,
741 3681 820 3728 certa
842 3670 925 3729 nobis
943 3670 1101 3751 renunties]
1126 3730 1131 3737 ,
1161 3734 1167 3755 ‚

57 3692 244 3835 gieutiquapp
253 3736 338 3825 enlin,
353 3759 383 3807 te
394 3756 510 3825 senecia
528 3749 602 3821 adeo
614 3750 801 3807 immutatum
819 3759 890 3827 post)
904 3758 964 3807 tam
977 3752 1100 3828 longum
1161 3768 1165 3777 ·

57 3822 177 3907 tempus
185 3812 374 3915 ἦρξῲοεηί,
388 3836 445 3899 aut·
454 3826 624 3903 'suspectum
643 3827 802 3887 habebunt.
842 3828 983 3886 Sermone
994 3818 1100 3909 'anterii
1161 3888 1166 3899 ,

56 3898 220 3975 tali'utere,
233 3900 367 3983 hospitius
384 3902 713 3981 ic'qusoem'i’loc'ncem
731 3918 795 3975 este,
816 3910 928 3964 missum
946 3924 967 3965 o
988 3908 1101 3966 Pisonos
1113 3910 1168 3963 ⁴5¹

52 3996 103 4051 teo¹
114 3986 521 4075 virositamqueispummus
539 3993 589 4065 cst¹
599 3984 655 4042 iilis
666 3986 791 4043 amicum
816 3988 919 4063 nuntia
931 4000 1009 4052 vero,
1019 3984 1100 4061 jures

49 4062 191 4143 jucundo,
207 4054 407 4143 fidedidffls'
422 4063 587 4139 sdsuuens,
613 4066 721 4120 cessisse
737 4063 815 4141 jutis
841 4060 952 4141 Oresten
977 4067 1100 4123 violento

52 4150 157 4209 morte,
167 4134 518 4219 rcpldopunitdelopsum
531 4140 693 4221 Pythicum
706 4146 861 4201 columina.
902 4142 974 4201 Haec
987 4160 1101 4201 summa
1115 4145 1166 4211 5⁰>
1179 4190 1181 4197 .

48 4224 93 4285 sit
119 4218 364 4311 assumimini&
379 4222 383 4231 '
396 4220 466 4293 ,Nos
477 4230 555 4289 reio
574 4228 669 4303 'quain
691 4222 819 4299 primum
837 4222 924 4303 patri,
946 4222 999 4283 uti'
1012 4218 1119 4295 imni
1163 4242 1167 4249 ·

265 4300 275 4311 ’
320 4296 366 4327 ’·’
532 4304 554 4371 2
572 4304 623 4364 1²2.
653 4302 658 4321 ¹
693 4306 706 4335 ’·
1087 4304 1092 4321 “
