2776 4882
474 290 696 359 ELEC'l'RA.
1046 296 1109 357 255

77 464 82 469 ”
111 462 228 525 cbrr.
248 464 318 523 Nou
331 482 403 541 ergo
415 466 532 523 Orestes
545 476 575 523 et
586 476 619 522 tu
632 465 801 524 felicitatem
813 464 888 522 hauc
900 462 1040 521 delebitis.
1125 458 1186 523 tae

109 544 176 603 EL.
195 544 257 601 Nos
270 546 325 619 ipsi
336 545 425 603 deleti
435 564 545 611 sumus,
559 546 668 601 nedum
681 556 710 602 te
723 544 864 618 possimus
876 544 979 602 delere.
1103 572 1106 577 ·

111 623 346 681 obtimatum
366 622 474 701 diguus
495 642 578 687 esses,
600 624 713 699 hospes,
729 624 806 679 ferre
828 624 956 697 praemia,
977 618 1005 677 si
1024 614 1112 693 hujus

67 703 236 778 petulantes
248 703 388 759 clamores
400 705 629 777 compescuisse.

110 778 215 837 PAED.
235 781 330 837 Abibo
342 781 442 857 igitur,
456 782 597 857 siquidem
610 783 672 838 brec
685 786 763 837 recte
776 779 892 837 habeut.

111 856 228 917 CLYT.
248 858 318 917 Non
328 859 432 931 facies:
453 862 638 935 nequeenim
651 861 707 918 boc
720 877 767 917 ms
779 858 904 935 dignum
919 863 1005 921 esset,
1017 872 1110 934 neque
1126 854 1186 925 ⁸9⁰

69 938 126 995 illo
135 936 187 1015 qui
198 946 227 994 te
239 938 319 995 misit
331 938 460 1014 hospite:
481 937 533 994 sed
545 938 707 1013 ingredere,
720 940 805 995 istam
824 953 893 993 vero
904 936 975 994 foris
986 935 1112 993 clamare

69 1018 137 1075 alno
147 1032 270 1093 suasque
281 1016 371 1091 ipsius
383 1024 414 1073 et
423 1017 584 1091 amicorum
594 1018 731 1074 miseriae.

110 1092 178 1151 EL.
194 1093 277 1153 Num
289 1094 369 1151 vobis
381 1102 415 1153 ut
427 1094 529 1152 dolens
549 1102 579 1151 et
598 1106 699 1153 maesta
716 1095 844 1172 graviter
854 1093 1013 1169 lacrymare
1027 1097 1056 1149 et
1069 1092 1110 1149 la·
1127 1089 1186 1144 805

70 1174 201 1231 mentori
213 1174 302 1249 impia
312 1173 427 1231 videtur
439 1174 533 1231 lilium
545 1174 700 1232 miserabili
708 1174 882 1230 exstinctum
892 1172 952 1229 leto
962 1172 972 1227 l
985 1170 1036 1229 sed
1044 1170 1110 1227 irri-

68 1250 146 1309 dens
157 1252 237 1309 iutro
248 1270 279 1308 se
291 1252 427 1327 abripuit.
467 1252 495 1307 0
507 1270 554 1309 mc
566 1251 718 1311 miseram!
734 1253 838 1308 Oresta
850 1251 1005 1315 carissime,
1018 1258 1053 1305 ut
1063 1266 1110 1305 me

70 1338 126 1389 tue
137 1329 287 1407 perdidisti
300 1329 409 1388 morte!
424 1328 562 1389 Avulsisti
571 1332 650 1389 enim
660 1350 696 1389 ex
704 1332 804 1387 auimo
814 1347 880 1386 meo
890 1327 1028 1405 quidquid
1039 1328 1111 1385 mibi
1128 1322 1187 1377 81⁰

69 1404 222 1487 ¹reliquum
232 1419 295 1467 erat
307 1410 378 1485 spei,
392 1410 455 1466 fore
473 1419 509 1468 ut
527 1409 735 1467 vivus-venires
754 1408 908 1484 aliquando
925 1407 1005 1464 ultor
1021 1406 1111 1481 patris

70 1488 190 1565 meique
201 1488 321 1545 miserae.
360 1487 449 1545 Nunc
462 1505 529 1544 vero
541 1506 600 1564 quo
611 1505 659 1549 me
671 1488 856 1545 convertam?
870 1487 931 1543 sola
942 1486 1021 1543 enim
1034 1502 1110 1553 sum,

70 1561 161 1643 teque
169 1564 242 1623 orba
252 1576 283 1623 et
294 1574 385 1643 patre.
425 1567 501 1623 Sane
510 1576 627 1641 oportet
639 1585 687 1623 me
694 1567 801 1623 servire
815 1565 913 1622 denuo
923 1566 1001 1621 inter
1013 1564 1111 1619 iuimi-

69 1644 202 1703 cimimos
213 1645 376 1710 hominum,
388 1648 477 1721 patris
490 1645 549 1702 mei
561 1647 708 1704 occisores.
749 1646 795 1701 An
809 1643 965 1700 tolerabilis
974 1642 1037 1701 haec
1046 1659 1111 1699 mea
1127 1636 1185 1691 815

69 1722 194 1781 fortuna
203 1724 267 1779 est?
287 1722 432 1801 Equidem
445 1740 513 1781 vero
528 1741 713 1800 ‘nequequam
731 1723 870 1781 cumillis
887 1723 1005 1796 posthac
1022 1721 1111 1778 bisin

69 1800 182 1859 adibus
194 1800 345 1860 habitabo:
360 1803 410 1859 sed
422 1801 471 1860 hle
481 1816 550 1860 unte
558 1804 669 1859 ostium
680 1813 835 1876 prostrata,
847 1801 949 1859 amicis
961 1800 1109 1865 destituta,

68 1880 281 1939 contabescam.
319 1881 407 1944 Quod
417 1883 442 1939 si
455 1884 501 1939 cui
513 1898 616 1938 eorum
633 1883 681 1958 qui
695 1882 775 1937 intus
786 1890 854 1937 sunt
866 1897 944 1955 tegre
955 1880 1109 1957 eucqcci-
1126 1871 1186 1926 82⁰

69 1958 124 2017 dat
142 1958 228 2016 licet:
247 1964 365 2035 gratum
386 1962 465 2019 euim
486 1961 543 2016 erit
562 1960 683 2025 mihiel
705 1960 830 2015 moriar:
851 1958 935 2015 dolor
956 1958 1110 2020 autemsi

67 2038 313 2173 qiramfflppe
335 2038 722 2179 nullq'rrlrihidvitagoqupidlq
743 2048 794 2129 est.
812 2037 896 2172 tUbit
910 2038 1110 2171 taudemtsuot
1125 2056 1180 2163 w

90 2132 154 2173 ovrs
289 2157 299 2182 ,
632 2135 680 2182 ,ει
745 2134 761 2172 c
827 2132 847 2171 u
953 2134 973 2171 r·
1095 2148 1109 2161 -
1165 2129 1184 2163 ο

66 2127 683 2274 qmempemilb⁰r¹e‚liffliu‚ms
720 2135 745 2175 ³²
781 2133 813 2173 ¹¹¹
847 2133 1017 2175 ww
1042 2134 1096 2175 ¹²¹¹

99 2270 179 2331 CH.
198 2272 282 2339 Filia,
295 2273 367 2351 quid
378 2274 536 2351 lacrymas?

107 2350 174 2410 ab.
194 2350 279 2410 Heu!
1120 2378 1123 2383 ·

106 2429 177 2488 CH.
196 2430 243 2488 Ne
256 2432 324 2509 quid
336 2433 450 2509 gratius
462 2431 548 2490 dicas.
1127 2422 1187 2478 ³³⁰

107 2507 175 2565 leb.
196 2508 317 2569 Eneca.

60 2616 63 2621 ·
106 2586 177 2646 CH.
195 2588 347 2649 Quidum?

106 2666 175 2724 EL.
195 2664 226 2725 Si
235 2668 271 2725 de
281 2669 315 2724 iis
323 2669 374 2745 qui
384 2668 701 2726 manifesteadOrcunr
710 2668 842 2726 abierunt
851 2686 932 2743 spem
943 2668 1110 2743 importuna
1171 2704 1175 2711 -

61 2762 227 2883 suffita&
233 2747 329 2839 itt-me¹
336 2748 436 2804 dolore
445 2743 509 2883 jarp
518 2748 656 2883 tabffi'
669 2749 763 2823 magis
775 2746 979 2883 insultabis:iier
1072 2826 1096 2884 fi
1124 2736 1184 2793 ⁸35

169 2869 176 2883 .
226 2842 273 2883 οιι
283 2843 361 2883 surm
371 2844 402 2883 re
441 2845 472 2882 m
510 2845 537 2883 m
639 2842 904 2888 umaurouexrsm
980 2842 1071 2886 omre
1096 2858 1110 2873 ·

62 2906 124 2963 bue
137 2902 291 2975 obrutum3
314 2905 361 2981 qui
376 2844 453 2961 buggo
467 2846 565 2963 tamelb
576 2904 630 2964 rub
642 2912 759 2962 terra-

106 2980 174 3041 EL.
192 2982 253 3050 He,
265 2984 311 3048 be,
325 2983 401 3039 neu!
695 3022 699 3026 -
1124 2974 1193 3029 840·

46 3094 49 3099 -
107 3060 176 3119 CH.
195 3060 372 3121 Immortalis
383 3061 516 3137 imperat.
1279 3070 1284 3085 “

57 3173 63 3183 -
105 3138 172 3199 EL.
191 3140 278 3199 Heu!
788 3180 792 3187 -

105 3216 175 3277 CH.
193 3216 577 3279 Iructuoeaeaneistasuut·
617 3217 905 3277 Perditissimaeuiur
918 3216 1062 3277 mulier-
1151 3242 1155 3249 ·

104 3296 173 3357 BL.
190 3298 311 3357 Sceleris
323 3316 421 3375 poenes
433 3297 521 3356 dedit.

56 3402 60 3409 ·
106 3374 175 3435 CH.
194 3372 375 3435 Planissime.
1123 3367 1181 3423 84⁵

58 3490 63 3497 ·
107 3453 173 3513 EL.
191 3455 268 3523 scio,
280 3458 356 3514 scio:
377 3465 496 3513 exortus
508 3462 552 3531 est
564 3456 643 3513 enim
655 3455 768 3531 aliquis,
781 3455 828 3513 cui
840 3470 918 3513 curm
931 3456 987 3514 luit
998 3452 1108 3521 cedem

60 3533 185 3593 utebciz
206 3536 280 3591 mihi
291 3552 360 3591 vero
371 3552 460 3591 nemo
470 3542 601 3609 superest
612 3534 754 3609 amplius:
776 3551 867 3611 quem,
874 3535 954 3591 enim
965 3532 1108 3593 babebam

64 3612 222 3675 vindicem,
236 3614 261 3669 is
272 3614 389 3671 evanuit
402 3614 463 3670 lato
474 3614 619 3688 abreptus.

107 3690 175 3750 CH.
194 3690 379 3750 Omniumes
390 3692 592 3750 infelicissima.
746 3732 753 3741 .

108 3768 172 3827 Illa
190 3768 233 3829 m
251 3787 308 3846 ego
320 3771 375 3829 hoc
393 3771 461 3827 satis
477 3787 620 3848 superque
631 3771 691 3827 scio
703 3770 735 3825 io
747 3766 802 3825 hac
813 3767 937 3827 colluvie
950 3777 981 3829 et
992 3768 1106 3831 diutur·
1123 3761 1184 3818 350

64 3850 161 3908 nitate
185 3849 348 3907 multorum
371 3850 608 3926 gravissimorum
632 3849 816 3923 maximeque
838 3847 1005 3909 odiosorum
1026 3850 1107 3911 dolo·
1146 3884 1176 3917 -;

63 3944 145 3987 mm.

108 4004 173 4065 CH.
193 4004 293 4063 Justns
303 4024 366 4063 esee
376 4008 482 4065 scimus
493 4016 558 4065 tuas
571 4006 708 4083 querelae.
871 4060 874 4065 ,
1211 4048 1216 4057 ,

107 4081 171 4144 EL.
190 4082 239 4141 Ne
251 4104 300 4142 me
313 4103 394 4162 ergo,
408 4104 446 4143 ne
458 4103 505 4144 me
518 4087 641 4160 amplius
654 4083 765 4151 soleris,
778 4083 829 4141 ubi
841 4082 964 4143 nulla-⁴
1123 4072 1182 4131 ⁸55

109 4162 173 4222 (Ἡ.
194 4163 346 4224 Quidaisl
1170 4192 1174 4199 <

106 4238 171 4299 ab.
190 4240 262 4316 Spes
273 4249 405 4317 superest
415 4244 516 4301 auxilii
529 4262 547 4300 a
558 4241 651 4301 nobili
660 4257 811 4318 germano.

107 4318 174 4407 cn,
196 4319 374 4383 Hominibus
385 4323 523 4383 omnibus
532 4322 594 4383 lato
605 4322 783 4385 destinatum
794 4320 949 4381 cremera
1012 4382 1018 4389 ,
1052 4372 1058 4383 .
1121 4309 1181 4365 ⁹⁶⁰
