2776 4882
311 298 376 369 240
666 284 999 363 Pfltnocreres.

1197 410 1204 429 ι
1310 392 1327 429 4

350 464 457 523 PHIL.
480 463 562 523 Num
574 463 612 521 ad
623 459 720 535 Trojae
733 482 848 541 campos
860 473 890 522 et
902 463 986 523 Atrei
1003 457 1234 522 inimicissimum
1246 459 1311 519 nitu
1319 492 1343 512 ..
1386 501 1388 514 .

310 542 367 603 hoc
379 546 485 601 misero
497 543 591 618 pede?

349 621 494 680 NHOPT·
516 620 626 697 Utique
638 619 675 675 ad
687 637 736 676 eos
747 622 797 698 qui
808 627 838 677 te
850 627 937 697 atque
948 622 1025 678 hunc
1035 619 1258 696 purulentum·
1272 632 1295 667 ιι
1328 649 1353 667 -

308 700 471 760 liberabunt
485 699 595 766 dolore,
607 700 779 776 sanitatique
791 702 953 757 restituent.

210 783 296 847 ,1³80
348 778 456 837 PHIL.
477 778 505 835 0
517 778 585 835 facti
598 777 715 834 nefandi
727 788 838 844 suasor,
852 779 919 855 quid
931 778 1011 843 dicis,
1025 777 1160 836 obsecro?
1179 798 1190 815 .

350 857 495 915 NEOPT.
515 857 588 918 Quae
598 857 651 912 tibi
664 856 791 932 mihique
804 855 902 914 decori
913 856 1014 914 futura
1025 855 1116 914 video.
1255 910 1258 921 ,

349 934 457 994 PHIL.
478 936 519 991 Et
532 952 623 1011 quum
637 936 690 990 ista
701 933 816 1000 dixeris,
831 952 891 992 non
903 933 932 991 te
945 934 1034 1010 pudet
1046 934 1196 994 Deorum?

347 1012 494 1072 NEOPT.
516 1015 577 1070 Cur
589 1013 668 1069 enim
681 1011 798 1086 pudeat,
813 1014 864 1088 qui
875 1011 1032 1071 utilitatem
1045 1013 1191 1079 sectatur?

206 1161 208 1165 Ι
350 1091 457 1150 PHIL.
478 1092 693 1156 Atridarumne,
699 1108 851 1149 anmeam
864 1092 1019 1148 utilitatem
1032 1090 1211 1149 benedicis?
1301 1120 1304 1125 ·

219 1175 295 1234 1885
349 1168 495 1229 ΝΕΟΡΤ.
514 1168 608 1227 Tuam
621 1169 745 1239 scilicet,
768 1187 874 1247 quippe
884 1171 934 1248 qui
946 1169 1054 1228 amicus
1066 1177 1135 1228 tuus
1146 1187 1223 1236 sum
1232 1166 1349 1227 itidem·

207 1298 212 1304 *
312 1249 540 1389 unHPngdi
541 1248 696 1402 ἓιΐιίιιιίιωιιῐιῐιιιθ
697 1265 799 1383 Prae
758 1343 881 1385 1n1m1c1s
894 1326 1016 1401 prodere
1028 1327 1127 1402 cupis?
1384 1282 1387 1287 Ι

349 1404 495 1465 NEOPT.
515 1405 543 1462 Ο
557 1405 640 1466 bone.
652 1403 728 1461 disce
742 1421 801 1462 non
813 1405 934 1463 ferocire
947 1406 1054 1462 rebus
1046 1423 1078 1462 m
1090 1405 1182 1463 malis.

351 1483 459 1542 PHIL.
479 1483 584 1542 Perdes
596 1501 655 1549 me,
669 1483 757 1557 probe
769 1491 798 1540 te
812 1484 889 1549 novi,
903 1484 979 1542 hisce
992 1485 1049 1540 tuis
1062 1483 1154 1543 dictis.

352 1561 498 1621 NHOPT.
518 1560 607 1620 Haud
618 1579 686 1618 sane
699 1578 773 1637 ego.
794 1563 841 1619 aio
854 1579 922 1620 vero
934 1569 963 1618 te
976 1562 1025 1620 illa
1038 1579 1099 1619 non
1110 1559 1283 1639 intelligere.

213 1648 298 1711 ,1890
350 1640 460 1699 PHlL.
479 1641 623 1717 Equidem
635 1639 672 1696 ab
684 1636 792 1696 Atridis
804 1641 864 1697 scio
876 1659 923 1698 me
936 1636 1063 1712 ejectum
1075 1641 1173 1699 fuisse.

351 1719 495 1777 NEOPT.
516 1718 573 1776 Sed
584 1719 659 1784 Vlde
672 1736 720 1775 an
723 1737 772 1795 qur
784 1736 894 1797 eJecere
905 1719 1059 1776 servabunt
1070 1719 1176 1779 denuo
1291 1760 1294 1765 -

351 1797 460 1856 PHIL.
481 1797 641 1885 Nunquam
653 1797 708 1853 hoc
722 1796 819 1862 modo,
831 1806 865 1854 ut
876 1797 974 1854 volens
985 1793 1106 1868 TroJam
1117 1812 1276 1872 conspicer

352 1875 496 1934 NEOPT.
503 1860 596 1937 Quid
608 1892 681 1951 ergo
693 1893 746 1932 nos
757 1875 937 1942 faciamus,'
915 1894 939 1932 ιι
952 1885 981 1933 te
993 1875 1066 1933 nihil
1078 1875 1234 1952 quidquem
1244 1890 1352 1933 eorum

221 1961 297 2022 1395
314 1970 378 2032 quae
392 1955 445 2011 tibi
456 1955 533 2020 dico,
544 1955 658 2010 flectere
671 1955 778 2028 possit?
799 1953 876 2010 Mihi
889 1953 1005 2030 quidem
1018 1954 1188 2013 facillimum
1199 1959 1244 2012 est
1255 1944 1354 2013 verbis

309 2049 440 2109 parcere,
453 2034 508 2090 tibi
519 2049 587 2090 vero
601 2034 703 2097 vivere,
716 2042 751 2089 ut
762 2033 832 2090 vivis
845 2050 933 2098 nunc,
946 2033 1008 2090 sine
1020 2032 1122 2091 salute.

340 2111 459 2171 ..PHlL
479 2111 547 2168 Sine
569 2129 616 2169 me
635 2111 697 2186 pati
719 2111 791 2176 haec,
810 2129 876 2188 quae
896 2128 944 2168 me
965 2119 1082 2186 oportet
1098 2111 1176 2187 pnti.
1237 2126 1356 2167 teucro

312 2191 466 2267 promisisti
481 2190 554 2249 mrlu
565 2189 675 2247 dextrae
685 2188 742 2246 lide
751 2189 827 2255 data
838 2189 958 2247 domum
967 2198 1001 2246 ut
1009 2207 1057 2246 me
1066 2191 1196 2254 reducas
1224 2188 1358 2247 tecmihi

221 2275 298 2335 1400
312 2262 1356 2346 confioe,fili.necmorasitt1b1ullanecmeminerisamptim'rmjm

227 2414 233 2423 ¹
311 2349 381 2415 satis
392 2349 472 2405 enim
484 2348 557 2405 mihi
569 2347 718 2422 deplorata
729 2354 774 2403 eet
786 2347 908 2406 fletibus.

350 2424 496 2485 NEOPT
517 2425 626 2483 Eamus
638 2443 719 2502 ergo
734 2443 760 2481 ιι
750 2426 893 2495 videtur

350 2505 459 2564 PHIL.
479 2504 507 2561 Ο
519 2521 695 2579 generosum
707 2504 803 2561 locute
816 2503 951 2561 verbum!

349 2583 495 2641 NEOPT.
514 2582 617 2640 Nitere
635 2599 713 2640 nunc
726 2583 879 2641 obfirmato
891 2600 1001 2658 gressu.

350 2661 458 2720 PHIL.
479 2663 628 2723 Quantum
643 2660 760 2752 quidem
773 2678 829 2739 ego
842 2662 931 2718 valeo.

351 2738 496 2798 NEOPT
518 2738 578 2801 Qut
591 2756 656 2795 vere
668 2739 901 2798 criminationem
913 2738 1091 2800 Achivorum
1101 2737 1262 2817 effugiam³

351 2818 458 2877 PHIL.
479 2818 562 2875 Nihil
574 2835 653 2875 cura

221 2907 295 2965 1405
349 2897 495 2956 NEOPT.
514 2895 629 2958 Quidsi
642 2913 767 2973 regnum
780 2897 958 2974 populentur
969 2896 1089 2956 meum?

314 3042 317 3049 .
350 2975 456 3036 PHIL.
477 2975 523 3033 Ibi
536 2992 770 3052 praesensego-

351 3054 496 3112 NEOPT.
516 3054 594 3115 Quid
606 3054 692 3112 iacies
705 3055 741 3111 ad
754 3054 945 3130 prestandum
958 3054 1065 3131 opem?

349 3133 457 3192 PHIL
478 3131 628 3191 Herculeis
640 3134 793 3210 sagittis—

350 3211 495 3270 NEOPT.
515 3211 691 3274 Quomodo
683 3229 734 3289 ιιι
734 3213 797 3268 uis?
899 3260 902 3273 .

220 3342 223 3349 .
285 3360 288 3365 ,
350 3290 459 3352 PHIL.
480 3290 802 3348 Eosatceboafimbus
813 3291 916 3365 patrue
927 3300 996 3348 tuae
1075 3298 1076 3302 ’

349 3369 494 3431 ΝΕΟΡΤ
513 3370 585 3446 Age,
599 3369 701 3436 amice,
715 3371 739 3426 si
762 3368 880 3446 quidem
896 3371 961 3435 ista,
975 3376 1008 3426 ut
1028 3367 1109 3437 dicis,
1124 3366 1204 3435 facis,
1221 3367 1355 3439 ambula,

310 3449 440 3507 osculata
452 3449 532 3524 prius
547 3449 600 3504 hac
612 3459 699 3506 terra

218 3536 296 3597 1410
350 3527 471 3589 HERC.
484 3525 636 3595 Nondum,
647 3526 815 3604 priusquam
825 3532 938 3583 nostros
947 3526 1236 3589 audrernsermonm
1244 3522 1353 3583 Poeau·

276 3605 347 3664 tis
360 3607 420 3664 fili.
441 3624 512 3664 scias
524 3613 622 3663 autem
636 3623 735 3663 vocem
748 3618 782 3661 te
798 3604 934 3663 Herculis
951 3604 1206 3670 auribushnurire,
1219 3602 1352 3661 vultum·

218 3695 294 3751 1415
311 3702 366 3762 que
378 3701 511 3743 cernere.
526 3693 578 3742 tua
589 3701 657 3742 vero
670 3685 764 3760 gratie
775 3685 834 3741 huc
847 3686 940 3748 venio,
954 3685 1055 3742 relicte
1064 3683 1173 3740 coelesti
1183 3681 1262 3748 sede,
1268 3681 1354 3739 Joris

309 3762 364 3819 tibi
369 3764 571 3825 declaraturus
582 3764 713 3830 consilia,
733 3762 1006 3856 prohibiturusque
998 3772 1064 3828 iter,
1078 3760 1176 3838 quod
1167 3760 1243 3817 mire
1254 3776 1352 3834 peras.

309 3842 436 3900 Proinde
448 3850 482 3899 tu
494 3841 564 3899 audi
576 3860 642 3899 mea
653 3842 738 3899 dicta
771 3840 813 3899 Et
825 3843 955 3934 primum
967 3841 1083 3919 quidem
1096 3856 1175 3897 meas
1186 3837 1241 3895 tibi
1252 3837 1371 3897 dinem.

218 3927 296 3991 tem
309 3919 450 3984 fortunas,
464 3927 498 3978 ut
511 3928 556 3978 tot
567 3921 719 3979 exantlatis
729 3937 907 3997 emensisque
916 3920 1072 3982 labonbus
1082 3915 1364 3994 imrnorteledecm¹

232 4000 235 4005 '
310 3998 431 4074 adeptus
448 4016 523 4064 sum,
537 3999 645 4076 quod
636 4017 697 4074 ipse
713 4016 792 4057 nunc
809 4000 912 4056 cernis.
950 3997 991 4056 Et
1012 3998 1075 4063 tibi,
1088 4002 1169 4054 certo
1186 3995 1270 4061 scies,
1292 3996 1351 4057 hoc

310 4077 425 4134 evenire
437 4077 613 4135 destinatum
626 4085 679 4144 est,
692 4074 758 4153 post
776 4079 829 4135 hos
846 4078 958 4134 labores
970 4082 1005 4134 ut
1023 4075 1149 4152 gloriosa
1160 4074 1266 4133 fruaris
1278 4074 1351 4167 ιὶιιι,

310 4155 467 4233 Postquam
480 4173 552 4232 ergo
567 4174 635 4213 cum
652 4155 707 4213 hoc
728 4157 789 4213 viro
808 4152 967 4248 Trojanam
979 4156 1016 4212 ad
1029 4154 1131 4212 urbem
1150 4152 1273 4218 veneris,
1286 4153 1348 4227 pri·

217 4243 294 4315 2425
310 4251 393 4291 mum
405 4234 520 4327 quidem
534 4242 611 4292 tetro
623 4236 726 4292 morbo
742 4233 889 4302 lavaberis,
909 4234 1100 4330 princepsque
1112 4233 1218 4289 virtute
1229 4229 1352 4295 mmm

309 4313 401 4373 totius
418 4308 571 4383 exercitus,
584 4304 728 4383 Paridem,
749 4313 893 4373 malorum
913 4315 1035 4373 istorum
1047 4316 1215 4399 auctorem,
1232 4308 1357 4393 sagitta
