2776 4882
354 259 547 336 morsus
571 265 833 339 comosus.
870 365 873 371 .
1048 278 1106 343 ns
1227 316 1229 323 .

67 442 112 502 nis
134 440 190 502 sub
210 449 289 503 terra
309 441 436 501 tenebris
454 444 601 502 involutul
617 461 657 508 es,
672 459 734 511 nec,
748 458 839 521 qums
851 440 970 505 sentitis
982 421 1110 508 btebn'

67 525 165 590 utam,
179 524 325 580 inamatus
336 523 558 598 unqmmfuisti
570 524 788 590 nihinsosris
800 526 929 602 posthac.
966 530 968 535 ’
1043 601 1046 608 Ι
1169 601 1175 609 ,

103 600 173 660 GH.
192 596 316 659 Posset
328 602 459 677 igitur*-

102 679 197 738 ΑΝΤ.
218 677 344 739 Ροήυὶῑ
355 679 433 756 quod
445 680 546 738 voluit
855 702 868 719 *

10 774 12 779 ·
99 757 171 818 GH.
189 757 282 822 orsis
292 759 325 816 id
337 761 401 814 cst?
1122 758 1197 824 1765

101 836 198 896 ΑΝΤ.
217 838 396 912 compsit,
420 839 534 914 bospite
550 839 583 895 11
595 845 675 896 terra
693 845 825 897 mortum
844 848 897 906 ost,
992 852 1102 917 nmque

10 944 16 995 g
53 910 576 992 peremlomsssubbumocubile
589 918 692 975 habat:
707 932 762 975 nec
773 920 927 976 motumrs
940 921 1102 1005 ’011111ιά1-

61 987 175 1061 dtdum
213 994 349 1071 Nunqm
369 996 402 1051 is
418 997 574 1071 rumpens
590 1005 682 1071 pater,
696 995 743 1061 hio
762 996 844 1054 meus
858 992 959 1055 oculus
970 986 1102 1074 laorymis
1120 999 1197 1060 1710

168 1073 364 1144 submissus,
379 1087 473 1151 noque
484 1076 546 1132 scio
555 1078 670 1142 misera,
680 1077 826 1152 quomodo
836 1072 943 1152 queam
949 1070 1012 1134 iarn
1022 1088 1103 1135 soor-¹

80 1148 136 1211 uni
156 1153 203 1208 tui
218 1150 390 1210 desiderium
403 1153 525 1211 abolere.
564 1153 650 1212 Heu!
673 1157 828 1230 pemgrlno
840 1157 873 1212 ln
890 1156 953 1213 solo
971 1168 1033 1214 non
1049 1157 1102 1214 de·

59 1228 275 1301 nmmum
295 1244 400 1289 vorum
409 1233 452 1288 ita
462 1232 536 1289 mibi
548 1234 634 1297 etism
648 1233 776 1290 desertus
790 1242 923 1291 mortuns
934 1242 974 1292 ss.
1165 1250 1169 1261 ¹

83 1304 185 1403 .¹⁸M·
203 1309 363 1368 onosma!
376 1324 443 1387 qne
452 1320 502 1367 me
513 1311 632 1377 lamus
640 1309 703 1384 jam
713 1322 812 1376 manat
821 1313 863 1369 ita
872 1313 1025 1380 usserium,
1034 1326 1098 1378 stn-
1117 1311 1194 1372 1715

58 1389 802 1544 ”fffiuesssfffflfflffifflurfimsnffiff
803 1392 885 1527 v‘i’t'sbsa
885 1393 963 1528 1111
975 1430 1099 1528 arastes
1117 1468 1195 1530 1720

54 1547 234 1620 composuit,
247 1546 369 1603 desinite
380 1547 491 1622 lugere,
506 1546 524 1605 d
542 1565 639 1620 sarteq
657 1549 838 1607 nmmum
851 1551 930 1607 subu
945 1556 1033 1626 ncrnq
1044 1552 1099 1609 inl·

56 1626 160 1682 munis
172 1635 225 1681 est.
605 1659 607 1662 -

97 1702 192 1761 ANT.
212 1703 306 1760 Retro
318 1703 513 1770 abscedamus,
526 1721 617 1763 soror.
709 1720 742 1793 0
827 1717 842 1738 ⁰

97 1780 181 1839 IsM.
200 1782 347 1844 Quidnam
359 1782 495 1839 facturae?
1118 1779 1193 1842 1725
1268 1810 1271 1821 ·

95 1858 192 1919 ANT.
210 1860 393 1918 Desiderium
407 1879 455 1917 me
466 1861 584 1937 cepit-
1240 1887 1245 1901 ι

96 1937 179 1997 ISM.
198 1938 374 2000 Quodnam?

96 2017 192 2076 ANT.
212 2017 340 2075 Inferam
353 2017 474 2076 domum
487 2015 641 2075 videndi-

95 2094 180 2153 lSM.
199 2093 313 2168 Cuius?

97 2173 194 2233 ANT.
215 2176 317 2233 Petris.
357 2174 427 2233 Heu
440 2192 487 2232 me
499 2174 652 2233 miseram!

94 2252 179 2311 ISM.
198 2255 259 2317 Qui
272 2271 339 2311 vero
351 2254 393 2310 fas
405 2256 443 2311 sit
455 2272 491 2310 eo
503 2255 657 2317 accederet
678 2270 777 2313 nonne
789 2252 909 2311 vides-2

95 2331 192 2391 ANT.
212 2333 290 2396 Quid
302 2334 344 2390 ita
355 2332 507 2409 increpas?
744 2384 752 2390 „
1118 2328 1195 2390 1730

95 2410 180 2469 ISM.
199 2411 316 2479 lithos,
331 2420 404 2468 ut-
551 2409 554 2413 ’
1031 2420 1033 2424 ·

97 2489 192 2548 ΑΝΤ.
211 2490 291 2552 Quid
303 2509 351 2547 me
364 2508 464 2547 rursus
477 2488 637 2547 absterres?

94 2567 188 2639 lsM,
200 2569 366 2645 Insepultus
378 2570 460 2635 obiit,
474 2579 504 2627 et
516 2569 553 2626 ab
564 2569 646 2626 omni
658 2573 814 2644 conspectu
826 2575 993 2644 segregatus
1006 2575 1059 2624 cst.

96 2645 193 2706 ANT.
212 2647 279 2705 Duo
291 2665 339 2704 me
351 2664 399 2714 eo,
412 2648 509 2725 ibique
521 2666 569 2705 me
582 2647 721 2706 interfice.
1205 2686 1208 2691 ·

94 2725 179 2783 ISM.
199 2725 260 2783 Hei
277 2726 350 2783 mihi
366 2725 552 2784 miserrima!
573 2726 703 2792 ubinam,
724 2742 831 2802 quaem,
844 2725 962 2799 posthac
974 2723 1096 2790 deserta,
1116 2720 1191 2784 1735

53 2805 230 2882 consiliique
241 2807 336 2880 inops,
348 2806 436 2862 vitam
450 2821 613 2862 aerumnosa
625 2805 761 2880 exigam?

96 2882 164 2941 CH.
185 2886 266 2942 Carae
276 2883 391 2959 puellae,
403 2902 441 2939 ne
454 2884 524 2959 quid
535 2884 680 2942 metuatis.

93 2961 189 3020 ANT.
208 2964 250 3020 At
262 2979 321 3039 quo
332 2961 463 3037 fugiam?

93 3039 164 3098 CH.
184 3041 251 3099 lam
263 3047 350 3099 antea
360 3039 511 3118 effugistis,
524 3046 558 3098 ut
571 3057 608 3098 ne
622 3038 692 3118 quid
704 3039 775 3098 mali
783 3036 928 3097 accideret
940 3035 1028 3094 vobis.
1115 3035 1192 3097 1740
1256 3042 1262 3047 '

92 3118 188 3178 ANT.
208 3120 355 3195 Cogito-

95 3197 165 3255 cH.
184 3197 263 3260 Quid
275 3198 393 3255 taudem
404 3215 497 3254 versas
510 3197 628 3255 animo?

93 3275 189 3335 ANT.
209 3277 365 3339 Quomodo
377 3275 499 3349 domum
511 3275 673 3340 redeamus,
687 3273 773 3349 plane
785 3274 898 3349 ignoro,

93 3353 163 3413 CH.
182 3355 230 3413 Ne
242 3356 298 3412 hoc
309 3355 427 3431 quidem
439 3355 549 3411 solicite
562 3354 691 3430 inquire:
714 3352 888 3410 laboriosum
902 3357 986 3408 est-

93 3433 189 3492 ANT.
219 3434 259 3491 Et
278 3445 365 3491 antea
382 3433 455 3503 fuit;
484 3432 624 3510 siquidem
646 3449 747 3508 graves
769 3447 822 3488 nos
848 3448 960 3506 semper
988 3436 1095 3507 urgent
1113 3426 1188 3488 1745

52 3528 208 3578 mmnae,
220 3513 308 3569 modo
321 3511 438 3588 quidem
451 3511 538 3575 ultra,
552 3511 640 3568 modo
652 3527 738 3586 supra
751 3509 880 3567 modum.
932 3562 933 3566 ,

92 3590 162 3648 CH.
182 3591 272 3647 Vasto
283 3608 351 3647 sane
365 3591 469 3666 pelago
477 3585 639 3661 jactaudni.

92 3668 187 3728 ANT.
209 3668 299 3726 Vasto
312 3671 419 3744 utique.
664 3675 665 3678 ’

93 3747 161 3805 CH.
182 3747 218 3805 Id
231 3765 344 3824 quoque
357 3763 413 3822 ego
425 3747 527 3804 fateor,
628 3788 633 3796 .

91 3825 186 3886 ΑΝΤ.
207 3826 287 3892 Heu,
301 3824 377 3882 heu!
400 3843 458 3902 quo
470 3824 585 3890 ibimus,
599 3821 764 3898 osuprter?
779 3821 815 3882 ad
828 3837 914 3899 quant
924 3822 1004 3881 enim
1013 3836 1093 3898 spem
1146 3830 1150 3837 ·
1231 3833 1232 3836 ’

53 3923 108 3966 nos
120 3905 202 3963 Deus
217 3922 294 3961 nuno
306 3903 450 3978 impellit?
563 3963 566 3968 ,
1112 3903 1189 3963 1750

89 3984 161 4041 ΤΗ.
182 3983 295 4040 Parcite
308 3982 418 4059 lugere,
432 3981 551 4057 puelle:
574 3994 642 4036 nam
662 3979 768 4055 quibus
787 3995 863 4036 mors
876 3984 1011 4055 exoptata
1023 3994 1091 4034 eon·

51 4063 133 4143 tigit,
146 4078 196 4118 eos
209 4061 314 4118 deflere
327 4078 388 4117 non
400 4061 500 4116 decet:
523 4056 601 4116 houd
613 4058 692 4113 enim
705 4057 747 4113 sas
760 4066 812 4113 est.

88 4139 186 4200 ANT.
196 4139 234 4194 0
243 4146 316 4197 »nate
329 4137 426 4215 AEgei,
441 4137 476 4194 ad
490 4145 542 4193 tua
555 4135 709 4193 occidimus
722 4151 828 4209 genua.

89 4219 163 4278 ΤΗ.
182 4217 262 4279 Quid
275 4217 364 4283 vobis,
377 4217 396 4274 d
409 4216 522 4291 puelle),
536 4214 622 4270 vultis
634 4231 709 4271 ame
722 4215 805 4270 fieri?
1112 4212 1187 4274 1755

89 4295 186 4371 ΑΝΤ.
205 4294 366 4360 Tumulum
378 4295 467 4372 patris
481 4293 573 4356 nostri
584 4292 717 4350 contueri
730 4292 874 4367 cupimus.¹

141 4392 227 4440 volu
245 4393 287 4439 11·
396 4432 400 4453 Ι
427 4412 429 4419 ’
603 4387 626 4432 υ
