2776 4882
428 286 765 365 PHILOCTETES.
1052 296 1117 361 241

78 458 147 519 meis
167 459 307 541 corriges,
328 461 445 541 letoque
456 463 554 524 dabise
575 470 640 522 tum
659 460 778 537 Trojam
802 459 935 529 vastabis,
954 460 1113 541 spoliaque,
1152 520 1155 525 .

75 555 138 616 quae
150 540 214 607 tibi,
227 551 262 600 ut
272 541 431 600 fortissimo
442 543 594 609 exercitus,
607 543 714 601 eximia
725 542 883 608 dabuntur,
897 549 979 601 tuam
992 540 1114 601 domum

74 618 172 675 mittes
181 619 296 677 Poeanti
308 621 395 696 patri:
407 621 443 679 nd
455 622 558 697 patrie
569 623 649 680 OEtae
661 617 807 692 subjectos
816 638 941 696 compos.
959 619 1033 681 Qum
1045 638 1113 678 vero
1134 621 1211 676 1430

73 703 106 752 tn
116 698 229 773 ceperis
240 700 332 774 spolia
342 700 397 758 hoo
409 699 446 759 ab
457 702 596 764 exercitu,
610 702 781 776 sagittarum
789 717 921 757 mearum
932 698 1113 758 monimenta

71 773 106 832 ad
118 793 219 835 meum
232 794 338 854 rogum
349 778 429 838 affer.
448 778 558 856 Teque,
568 780 687 837 Achillis
696 779 747 840 fili,
758 779 819 835 hmo
833 795 955 837 moneo:
970 793 1024 835 nec
1032 778 1114 838 enirn

72 859 105 910 tu
116 855 181 913 sine
193 857 250 913 isto
263 857 339 914 valeo
351 853 472 929 Trojam
484 876 661 935 expugnare,
679 875 733 917 nec
745 858 799 914 iste
811 857 874 915 eine
887 866 925 916 te.
964 854 1031 932 Ego
1044 874 1111 915 vero
1132 854 1208 915 1485

69 930 280 1009 AEecunpium,
303 936 355 1013 qui
375 943 405 993 te
423 937 527 995 morbo
545 938 657 1000 liberet,
680 937 796 995 mittam
818 936 856 994 ad
876 936 981 995 llium:
1003 936 1111 994 iterum

69 1012 150 1071 enim
162 1013 234 1070 illud
246 1016 318 1091 meis
330 1016 443 1090 sagittis
454 1017 518 1093 capi
530 1016 617 1074 fatale
630 1022 681 1074 est.
723 1014 789 1073 Hoc
801 1022 899 1074 nutem
910 1015 1109 1083 memineritis,
1120 1012 1208 1095 Ι1440
1239 1035 1241 1040 ’

69 1106 160 1167 quum
172 1091 278 1151 urbem
286 1093 440 1157 vastabitis,
455 1104 489 1153 ut
501 1097 640 1170 pietatem
652 1112 723 1171 erga
732 1093 811 1151 Deos
819 1095 919 1151 colotis
927 1118 936 1164 5
952 1095 1020 1155 huic
1029 1095 1110 1154 enim

68 1167 125 1227 atta
136 1171 237 1229 omnin
253 1173 413 1246 posteriora
434 1172 514 1231 ducit
533 1181 617 1249 pater
635 1173 759 1249 Jupiter.
773 1242 776 1251 .
798 1173 913 1249 Quippe
926 1173 1017 1248 pietus
1029 1172 1110 1231 haud
1163 1206 1167 1212 ·

66 1263 127 1305 una
148 1266 215 1306 cum
232 1249 398 1309 hominibus
421 1252 542 1327 occidit5
564 1252 624 1321 sed,
645 1270 695 1310 seu
716 1251 823 1317 vivant,
840 1268 892 1312 seu
912 1252 1022 1313 mortui
1038 1251 1107 1323 sint,

67 1341 220 1401 nunquam
234 1331 318 1402 perit.
564 1353 568 1361 ·
999 1362 1002 1366 ·

102 1405 214 1464 PHlL.
235 1406 263 1463 0
276 1409 325 1485 qui
337 1426 437 1467 vocem
449 1395 579 1484 optatam
593 1409 666 1468 mihi
674 1408 786 1474 misisti,
796 1408 942 1488 longoque
955 1417 1022 1488 post
1031 1418 1106 1475 tem·
1126 1419 1203 1474 1445

65 1501 137 1560 pore
149 1486 384 1560 conspiciendum
398 1497 427 1544 te
439 1486 552 1555 dedisti,
566 1489 624 1547 tuis
639 1488 722 1545 dictis
735 1487 886 1566 obsequar.

102 1562 135 1621 N
137 1562 250 1621 llOPl'.
273 1564 353 1625 Huic
365 1584 479 1644 quoque
491 1585 548 1642 ego
560 1568 680 1625 consilio
693 1567 841 1625 assentior.

103 1641 229 1700 HERC.
249 1643 299 1705 Ne
309 1644 413 1721 longus
424 1644 496 1723 ¹ergo
508 1647 616 1705 nectite
633 1662 730 1709 moros
737 1668 747 1716 3
769 1651 856 1723 tuget
874 1644 954 1723 enim
966 1655 1105 1724 opportu-
1125 1646 1216 1711 1450‘
1298 1736 1303 1741 ι

65 1738 142 1779 num
155 1721 312 1800 navigandi
323 1732 447 1800 tempus,
461 1742 639 1802 surgensque
652 1743 671 1783 a
683 1723 773 1802 puppi
785 1730 896 1783 ventus.

101 1798 214 1860 Pflu..
232 1803 297 1879 Age
319 1820 391 1880 ergo
411 1803 568 1879 procedens
590 1813 698 1862 terram
716 1805 791 1861 hano
803 1802 942 1861 salutabo.
981 1804 1063 1874 Vale,
1085 1807 1104 1865 b

61 1883 185 1947 tectum,
196 1898 263 1938 mea
274 1882 412 1948 custodia,
427 1883 626 1960 Nymphaeque
638 1882 754 1959 irriguis
766 1883 798 1938 in
810 1884 900 1961 pratis
912 1882 1060 1959 degentes,
1073 1894 1104 1947 et
1125 1888 1200 1941 1455
1309 1927 1311 1932 .

58 1956 163 2034 fragor
178 1960 332 2019 vehemens
349 1961 493 2019 illisorum
512 1961 664 2027 fluctuum,
680 1962 731 2019 ubi
751 1978 828 2037 ooepe
848 1979 957 2028 meum,
971 1959 1104 2037 pulsante

60 2044 146 2103 noto,
155 2045 243 2114 caput
251 2039 362 2099 maduit
372 2040 403 2096 in
412 2041 490 2097 antri
504 2057 616 2098 recessu
623 2064 633 2110 3
647 2047 760 2117 saepoct
769 2041 845 2096 vocis
855 2056 939 2098 mons
947 2040 1103 2103 Hermam

57 2132 262 2191 repercussum
285 2119 429 2195 gemitum
451 2120 668 2194 remisitlmihi,
696 2118 791 2175 morbi
810 2118 959 2177 doloribus
981 2121 1101 2195 agitato.
1123 2123 1199 2197 1460

57 2193 152 2255 Nunc
164 2213 223 2262 vos,
236 2196 256 2254 d
267 2196 363 2257 fontes
383 2198 557 2274 lupinosque
575 2205 673 2274 potus,
695 2198 893 2275 relinquimus,
911 2197 1102 2274 relinquimus

53 2269 134 2347 jam,
147 2273 224 2352 quod
244 2274 286 2333 ita
304 2276 368 2338 fore
380 2290 531 2352 nunquam
547 2278 634 2335 antea
651 2277 839 2351 speravimus.
877 2272 950 2334 Vale
963 2278 982 2337 d
994 2277 1101 2337 Lemni

55 2360 142 2411 terra
152 2353 342 2421 morienna,
355 2373 460 2433 meque
472 2355 598 2415 secundo
610 2373 698 2416 cursu
710 2355 824 2412 dimitte
842 2355 1028 2426 incolumem,
1042 2375 1100 2435 quo
1121 2358 1196 2415 1465

54 2439 166 2506 potens
185 2431 280 2492 fatum
301 2434 368 2500 fert,
390 2435 593 2512 sententiaque
613 2435 784 2501 amicorum,
807 2440 838 2491 et
859 2435 959 2493 omnia
979 2435 1102 2495 domans

54 2511 145 2570 Deus
158 2511 208 2588 qui
221 2512 282 2570 baec
294 2513 500 2589 comprobavit.
732 2526 735 2531 ’
787 2512 788 2516 ’

30 2634 34 2641 .
97 2588 166 2647 ΟΗ.
186 2589 330 2650 Abeamus
342 2609 415 2669 ergo
427 2610 527 2650 omnes
544 2592 642 2661 simul,
660 2591 811 2672 Nymphas
830 2594 957 2656 marinas
978 2594 1099 2677 precati,
1119 2595 1196 2660 1470
1316 2626 1320 2633 ¹

50 2673 91 2728 ut
105 2667 216 2729 reditus
228 2670 393 2735 servatrices
406 2671 509 2732 adsint.
1113 2717 1115 2722 .
1264 2707 1267 2714 ·
