2776 4882
461 295 686 366 runcina
811 376 822 393 ,
1026 310 1094 379 an

58 490 146 551 reque
157 479 186 531 te
202 473 249 531 oei
265 469 351 551 inseri
370 470 428 530 Dei
447 474 483 531 ab
502 474 545 532 iris
553 475 669 553 fletibus
688 472 804 532 liberent
821 477 964 549 uuquam!
981 474 1027 533 bis
1045 494 1095 535 me

34 622 39 633 .
56 551 192 611 bonviciis
203 552 329 611 incessit.
368 552 407 609 At
419 553 443 608 si
456 554 572 629 quando
583 554 710 631 aliquem
728 552 811 610 audit
829 553 925 610 dicere
937 561 1094 612 venturum

56 630 193 699 Oroeteu,
215 638 281 689 tum
302 632 402 688 furore
423 635 535 705 percita
556 634 694 689 inclamat
718 631 851 689 adstans:
879 632 943 689 Non
970 641 1001 691 tn
1024 634 1095 691 mitt
1110 640 1170 697 295

49 708 156 767 'borum
174 728 261 767 consu
278 712 335 766 es?
365 708 463 765 Nonne
482 718 559 767 tunm
579 712 631 767 boc
649 710 827 785 estfactum,
841 729 901 785 quoe
919 714 1043 769 monibus
1062 730 1096 770 es

53 790 299 847 mainerum
312 790 426 844 &eslere
438 790 566 846 abimum
586 791 644 846 ulio
664 791 736 847 cium
751 792 895 846 emisisti?
912 792 960 847 sed
977 794 1049 848 scito
1069 798 1096 847 te

48 870 158 943 dignos
176 868 274 925 bonni
294 869 425 925 daturum
441 886 544 941 ponor.
582 867 666 925 Talia
685 868 782 932 intrat,
794 867 934 945 illamque
952 870 1039 927 simul
1058 868 1096 926 ad

45 960 92 1005 ee
105 947 227 1021 instigat
239 964 329 1022 prope
341 945 457 1003 adstans
471 946 595 1022 inclytus
614 964 745 1021 sponsus,
758 946 807 1002 ille
825 964 943 1021 prorsus
962 948 1095 1015 imbellis,
1112 957 1176 1011 300

47 1038 140 1085 'mera
161 1025 213 1083 ills
231 1042 318 1103 nors,
339 1024 392 1101 qui
411 1024 579 1081 mulieribus
597 1030 720 1100 stipatus
739 1042 854 1100 pugnes
873 1026 941 1081 uris
960 1030 1095 1083 conserit.

46 1102 127 1181 Ego
137 1120 207 1162 vero
218 1103 329 1161 Orestis
341 1102 499 1160 adrentum
518 1110 633 1179 semper
651 1112 827 1179 exspectans,
841 1103 886 1160 his
905 1105 989 1161 malis
1007 1105 1095 1162 linem

46 1181 359 1339 qlqiqpqutuqqilrpippra
369 1180 485 1315 intessbi
495 1198 596 1318 perenqz
612 1182 685 1239 dum
697 1183 787 1337 eniteqrq
788 1182 839 1238 ille
842 1200 967 1319 ffimq
978 1184 1098 1319 qqqtitur
1112 1189 1173 1244 805

169 1301 179 1327 ,
250 1281 261 1317 ι
323 1278 391 1317 men
464 1278 724 1327 mve,rasen
786 1277 823 1317 ue
906 1279 952 1318 re
1030 1278 1098 1319 uras

55 1341 266 1417 spesconupit
277 1356 388 1397 omnes.
410 1277 545 1395 pTalibus
557 1279 632 1414 ergg
644 1340 677 1395 in
696 1339 834 1397 aerumnis
853 1356 947 1415 neque
966 1340 1097 1399 modeste

54 1436 158 1497 egere,
170 1420 281 1485 amicas,
293 1436 388 1495 neque
401 1418 541 1492 pietatem
552 1420 647 1475 colere
659 1417 744 1475 facile
763 1425 824 1487 est5
845 1417 895 1474 sed
908 1418 1001 1495 quiin
1014 1420 1098 1477 malis

55 1504 192 1559 versetur
200 1514 325 1573 semper,
335 1513 450 1552 necesse
462 1508 506 1553 est
517 1512 635 1570 prorsus
646 1494 784 1553 studiant
796 1503 922 1554 sectetur
930 1497 1098 1555 consimilis,

47 1636 51 1643 ,
95 1576 164 1635 cH.
179 1576 244 1653 Age
255 1577 313 1643 dic,
326 1574 397 1631 dum
409 1582 444 1632 tu
461 1575 505 1631 ita
523 1574 673 1633 nobiscum
692 1575 828 1652 loqueris,
849 1581 930 1631 estne
943 1574 1099 1653 AEgisthus
1115 1580 1179 1635 810

55 1650 151 1723 domi,
164 1656 292 1713 anforas
304 1653 396 1712 abiit?
1158 1694 1161 1699 .
1193 1650 1199 1661 ’

49 1750 53 1757 ·
96 1732 162 1793 En.
183 1733 266 1793 Abiit
277 1751 365 1791 sane:
387 1749 425 1789 ne
437 1731 584 1802 credas,si
600 1731 681 1790 domi
700 1739 785 1800 esset,
797 1732 910 1789 licuisse
929 1733 1004 1793 mihi
1021 1734 1100 1793 foras

55 1812 186 1893 prodire.
227 1812 315 1869 Nunc
327 1828 396 1868 vero
407 1812 471 1869 ruri
483 1817 536 1869 est.

57 1890 165 2033 filecll.
186 1890 387 1949 Confidentius
399 1906 472 1967 ergo
484 1899 581 1946 tecum
593 1905 741 1947 sermones
753 1890 890 1958 miscebo,
902 1891 1044 1969 siquidem
1058 1892 1100 1951 ita
1115 1895 1174 1951 815

108 1978 174 2031 tum
185 1978 239 2029 est·
1056 1992 1062 2001 ’

100 2050 166 2109 EL-
187 2050 241 2107 llle
254 2047 373 2126 quidem
383 2047 480 2106 abest:
501 2046 635 2123 proinde,
647 2048 673 2103 si
686 2047 755 2124 quid
766 2048 818 2110 ris,
831 2048 982 2108 sciscitare.

100 2128 169 2187 CH.
186 2128 229 2186 Et
240 2130 369 2204 primum
382 2125 499 2204 quidem
510 2134 541 2184 te
554 2143 638 2202 rogo,
651 2125 688 2181 de
704 2125 793 2182 fratre
806 2127 876 2203 quid
895 2144 1009 2187 censes:
1031 2147 1100 2189 ven·

55 2212 184 2267 turusne
196 2214 250 2274 est,
263 2224 302 2265 an
313 2211 468 2263 cunctatur
479 2204 592 2261 adbuc?
614 2204 670 2262 hoc
682 2205 753 2260 scire
766 2205 861 2280 cupio.

97 2286 165 2345 EL.
183 2284 266 2345 Dicit
277 2284 411 2363 quidem3
432 2284 482 2340 sed
494 2283 577 2340 dictis
588 2282 666 2340 faeta
678 2299 739 2339 non
750 2289 919 2358 suppetunt.

98 2364 171 2423 CH.
190 2364 269 2423 Solet
280 2364 360 2422 enim
371 2364 503 2420 cunctari
515 2363 564 2439 qui
576 2380 639 2419 rem
652 2361 772 2418 arduam
786 2363 914 2420 molitur.
1036 2380 1039 2385 ·
1117 2366 1178 2421 820

101 2442 167 2501 ΕΒ.
185 2444 275 2521 Atqui
286 2459 343 2520 ego
354 2442 449 2517 ipsum
463 2458 645 2518 nequaquam
657 2447 794 2498 cunctata
806 2441 924 2498 servavi.

101 2522 171 2581 cH.
190 2522 277 2589 Bono
297 2539 329 2582 es
353 2521 468 2579 animoa
490 2535 633 2597 generosa
656 2526 700 2575 cst
724 2518 832 2588 indole,
854 2519 984 2598 adeoque
1004 2520 1104 2599 amicis

56 2602 308 2741 ffifffl'fore
319 2679 450 2739 consu:
473 2679 581 2756 alioqui
594 2694 654 2737 non
667 2676 932 2736 tamdiuvmssem.

101 2758 171 2820 CH.
190 2758 238 2818 Ne
250 2759 321 2837 quid
333 2758 457 2835 amplius
469 2757 592 2816 dixeris:
613 2775 683 2814 nam
694 2757 776 2814 video
789 2774 827 2815 ex
838 2756 947 2816 aedibus
959 2763 1043 2817 tuam
1054 2776 1101 2817 so·
1117 2756 1176 2812 825

56 2835 847 2994 nninniiusltnffitinm’
868 2836 1102 2912 Chrysothemin,

102 2994 252 3055 CHRYS.
270 2996 367 3059 Quem
392 3004 426 3053 tu
443 3011 545 3052 rursus
563 3001 632 3051 ante
651 2992 786 3049 vestibuli
803 2992 880 3051 fores
902 3012 1063 3073 progressa,
1084 2992 1103 3052 b

58 3092 158 3141 soror,
170 3076 229 3133 cies
240 3074 417 3133 clamorem?
435 3082 531 3130 necte
550 3073 674 3149 longum
693 3078 808 3147 tempus
827 3071 931 3131 docere
951 3080 1056 3150 potest,
1068 3081 1103 3131 ut
1117 3068 1179 3124 380

59 3172 102 3213 ne
114 3156 168 3211 iroe
180 3170 291 3213 vesanae
302 3153 412 3212 frustra
422 3152 592 3229 indulgeas?
626 3151 702 3207 Sane
721 3151 835 3207 conscia
853 3168 918 3210 sum
938 3154 1001 3229 ipsa
1018 3152 1102 3218 mihi,

60 3250 156 3309 quam
166 3232 280 3291 doleam
294 3232 430 3308 praesenti
441 3248 542 3289 rerum
555 3236 720 3288 nostrarum
731 3235 825 3300 statu3
848 3229 923 3289 adeo
934 3239 978 3299 ut,
991 3232 1017 3289 si
1029 3230 1103 3288 vires

58 3318 254 3387 suppeterent
264 3312 349 3376 mibi,
362 3309 544 3368 ostenderem
557 3325 617 3386 quo
629 3308 684 3364 sim
696 3326 768 3385 erga
785 3308 850 3365 illos
869 3311 976 3369 animo.
1015 3308 1104 3367 Nunc
1118 3303 1177 3359 33⁵

60 3407 137 3447 vero
148 3391 231 3449 malis
243 3391 447 3455 sucumventa,
459 3387 607 3447 subductis
619 3387 688 3443 velis
700 3388 836 3463 navigare
850 3390 1017 3447 consultum
1035 3404 1104 3445 cen·

59 3486 116 3527 seo
124 3492 135 3539 ;
156 3486 211 3527 nec
221 3480 327 3545 putare
338 3486 387 3527 me
398 3484 541 3545 magnum
554 3465 624 3544 quid
639 3464 744 3532 facere,
757 3482 848 3543 quum
868 3484 906 3523 ne
924 3467 1029 3525 laedsm
1041 3465 1106 3545 qui·

59 3544 145 3605 dem.
171 3547 228 3606 Sed
240 3555 270 3605 et
282 3556 311 3605 te
322 3546 427 3604 vellem
438 3546 516 3603 idem
530 3562 644 3622 quoque
656 3542 769 3615 facere5
791 3547 908 3603 temetsi
914 3541 1031 3618 justum
1043 3561 1105 3603 non

61 3633 113 3684 est
123 3635 153 3683 te
165 3626 207 3685 ita
217 3644 304 3704 agere
315 3633 352 3684 ut
363 3642 420 3701 ego
432 3624 548 3689 suadeo,
562 3623 612 3681 sed
624 3628 659 3680 ut
678 3623 740 3697 ipsa
758 3630 872 3681 rectum
891 3641 952 3681 esse
967 3620 1081 3696 judicas
1092 3646 1101 3696 3

59 3714 167 3777 tamen
178 3705 204 3762 si
214 3706 306 3764 libera
313 3704 406 3762 debeo
412 3704 515 3766 virere,
526 3701 742 3759 dominantibus
752 3703 873 3758 omnino
882 3703 1043 3778 parendum
1052 3710 1105 3762 est,
1118 3696 1180 3754 84⁰

105 3782 171 3843 En.
190 3785 281 3863 Atqui
299 3783 454 3859 indignum
473 3790 517 3838 est
537 3792 565 3837 te
585 3797 622 3838 eo
640 3787 815 3856 prognatam
828 3790 920 3856 patre,
941 3779 1025 3854 cujus
1044 3781 1106 3841 lilia

63 3880 109 3931 es,
122 3862 201 3921 illius
213 3880 274 3920 esse
287 3862 417 3927 oblitam,
429 3861 528 3917 matris
541 3866 640 3917 autem
653 3876 753 3915 curam
765 3859 881 3919 habere.
904 3860 1013 3919 Omnia
1025 3861 1105 3919 enirn

59 3950 123 4001 tus
133 3941 189 3999 ista
199 3942 284 4005 dieta,
298 3940 401 4017 quibus
413 3957 461 3997 me
480 3955 657 4004 commones,
671 3936 725 3993 tibi
743 3937 781 3995 ab
799 3939 849 3996 illa
867 3946 1007 4016 suggesta
1025 3948 1104 4007 sunt,

62 4037 124 4079 nec
137 4020 293 4098 quidquam
305 4037 341 4075 ex
354 4025 382 4074 te
395 4019 457 4094 ipsa
468 4017 547 4075 dicis.
586 4018 638 4073 Sin
655 4024 763 4080 autem,
777 4017 854 4094 elige
873 4019 978 4076 borum
998 4019 1104 4076 alteru-
1119 4011 1178 4069 345

63 4106 161 4167 uum,
172 4100 218 4156 vel
228 4106 263 4157 ut
274 4098 404 4172 desipere
417 4095 551 4162 credaris,
564 4096 609 4152 vel
621 4102 699 4151 reete
711 4096 825 4170 sapiens
837 4099 944 4154 amieos
957 4096 1103 4154 desererer

66 4196 137 4257 qum
149 4177 237 4235 modo
249 4176 353 4242 aiebas,
364 4184 403 4237 te,
412 4176 439 4231 si
447 4182 637 4250 suppeterent
648 4175 733 4240 vires,
746 4179 833 4232 tuum
845 4193 916 4252 erga
927 4176 997 4238 illos,
1004 4176 1105 4241 odium

65 4266 253 4317 ostensuram
269 4272 347 4326 esse,
368 4254 442 4312 mibi
461 4269 539 4319 vero,
559 4268 651 4330 quum
671 4252 771 4311 omnia
789 4256 921 4329 experiar
938 4263 973 4311 ut
992 4262 1106 4331 patrem

62 4334 196 4401 nbisean
208 4352 263 4397 nec
274 4340 305 4397 re
316 4332 424 4391 sociem
436 4330 525 4395 addis,
538 4332 684 4409 etiamque
696 4330 817 4410 nequid
835 4333 981 4409 inceptem
1001 4333 1105 4395 debor-
1121 4320 1182 4381 3⁵0
