2776 4882
307 302 376 365 24⁸
719 289 945 363 ELECTRA.

309 469 388 527 teris.
427 466 536 526 Nonne
555 466 597 527 sic
615 473 721 545 proter
738 468 798 529 sliu
816 468 903 534 mala,
918 464 1082 525 timiditatis
1093 465 1184 529 etiam
1196 466 1230 527 iu
1241 466 1355 539 mimos

308 547 435 605 incurris
449 549 459 604 ἒ
477 548 606 626 alioquin
618 546 690 607 doce
702 565 760 614 me,
773 547 819 605 vel
831 547 895 623 ipss
905 546 983 603 disco
994 563 1032 605 ex
1048 563 1106 610 me,
1121 544 1261 624 quidrmm
1278 548 1355 607 lumi

308 626 420 684 foetum
432 627 497 691 sim,
510 626 535 683 si
548 627 654 685 horum
665 626 800 685 luctuum
812 625 952 685 desinam.
971 624 1080 683 Nonne
1092 625 1177 682 vivo?
1198 625 1278 685 mule
1289 626 1354 703 qui·

232 708 293 763 355
308 704 387 772 dem,
401 704 480 763 haud
494 707 609 778 nescio,
631 705 674 763 ita
685 712 794 773 tamen,
808 714 841 763 ut
853 704 977 763 sufficiat
990 704 1073 763 mihi.
1106 704 1146 761 At
1158 703 1216 763 illis
1228 704 1355 765 umlesu

307 800 383 849 sum,
398 784 439 841 its
451 791 485 843 ut
497 784 601 843 exinde
614 792 732 843 mortuo
743 784 820 859 patri
833 784 976 842 honorem
987 782 1124 846 tribuam.
1137 782 1163 841 si
1175 800 1234 859 quo
1246 782 1354 849 horum

308 862 387 937 apud
398 863 506 921 inferos
522 864 618 939 grstia
636 874 689 919 est.
727 862 776 921 Tu
787 878 866 928 vero,
880 880 944 939 quoe
957 860 1050 919 odisse
1062 862 1113 924 ais,
1126 861 1221 919 verbis
1234 860 1354 939 quidem

183 950 186 955 ’
309 940 414 1014 odisti5
435 936 579 1000 reabtem
592 943 733 1017 ipsarum
746 943 835 1017 pstm's
847 940 1020 999 occisoribus
1032 939 1110 998 fucis.
1149 939 1189 999 At
1200 956 1260 1017 ego
1275 956 1354 1003 nuo·

232 1018 294 1075 360
309 1036 407 1096 quem,
420 1037 459 1078 ne
472 1020 590 1096 quidem
608 1021 634 1076 si
652 1020 726 1079 mihi
766 1019 810 1077 uis
829 1019 950 1095 praemis
967 1033 1021 1077 tua
1039 1019 1089 1077 ills
1106 1016 1234 1082 afforet,
1248 1019 1354 1097 quibis

308 1115 388 1159 nuuc
404 1098 565 1166 delectaris,
587 1099 632 1157 his
650 1116 700 1157 ms
725 1106 760 1159 su
798 1116 897 1158 erem:
919 1096 974 1155 tibi
995 1114 1063 1155 vero
1085 1097 1166 1159 uuo
1184 1106 1353 1173 apponatur

308 1194 419 1245 mensa,
445 1179 503 1235 vict
556 1196 593 1239 ue
617 1176 734 1236 abunde
757 1178 866 1241 affluat.
917 1176 1077 1235 Enimvero
1100 1176 1197 1237 solum
1220 1177 1279 1235 boo
1305 1194 1364 1237 me.

308 1262 462 1323 sustentet,
482 1274 521 1335 qu
578 1254 636 1313 illis
655 1257 778 1315 molesto
795 1257 868 1329 s'im3
889 1261 957 1315 tuos
976 1262 1075 1315 autem
1096 1254 1223 1315 honores
1242 1270 1353 1335 mque·

232 1334 292 1391 365
309 1352 397 1413 quam
409 1336 547 1413 consequi
559 1336 654 1412 cupio.¹
674 1334 738 1393 Nec
750 1352 869 1411 cuperes
880 1335 1058 1403 etiamtum
1069 1352 1141 1393 suna
1152 1352 1227 1395 esses
1239 1341 1354 1395 ments.

308 1412 397 1472 Nunc
412 1423 512 1473 autem
524 1432 615 1492 quum
625 1415 680 1473 tibi
691 1414 778 1473 liceat
789 1415 880 1490 patris
895 1414 1027 1471 omnium
1047 1429 1066 1469 o
1085 1412 1152 1473 timi
1170 1413 1266 1473 filum
1280 1412 1352 1481 dici.

307 1493 410 1550 matris
425 1492 488 1559 fllia
505 1493 630 1566 dieitur,
651 1494 694 1551 its
706 1494 786 1551 euim
798 1491 1018 1571 quamplurimis
1032 1431 1171 1551 vissedeis
1183 1491 1271 1560 mulo,
1284 1508 1354 1573 quo

307 1578 459 1631 mortuum
472 1580 586 1648 patrem
598 1581 629 1629 et
640 1573 748 1631 amicos
760 1571 857 1648 prodis
870 1578 945 1629 tuos.

232 1649 294 1712 370
348 1648 415 1708 CH.
435 1650 483 1708 Ne
496 1651 564 1729 quid
577 1652 752 1714 iracundius,
764 1668 817 1727 per
828 1651 908 1708 Deos
921 1647 1060 1707 obsecro:
1081 1667 1151 1709 uem
1169 1646 1353 1711 dictis-'uiri-

307 1746 401 1807 usque
419 1729 533 1790 fructus
552 1730 675 1811 insequi
686 1737 720 1787 tu
732 1729 848 1813 quidem
867 1728 959 1787 discas
976 1728 1060 1787 istius
1079 1730 1124 1787 uti
1140 1734 1230 1796 recte,
1243 1738 1277 1785 et
1287 1729 1366 1807 haec'

307 1826 410 1869 rursus
422 1809 491 1868 tuis.
893 1836 896 1845 ·

347 1886 493 1947 CHRYS.
511 1887 634 1947 Dudum
659 1886 803 1965 equidem.
825 1884 844 1943 b
863 1887 1010 1954 mulieres,
1030 1896 1144 1945 assuete
1164 1904 1232 1945 sum
1251 1884 1352 1945 istius·

187 1980 193 1989 ‘
307 1965 388 2025 modi
401 1962 489 2039 hujus
501 1966 603 2024 dictis:
624 1973 656 2024 et
668 1985 705 2024 ne
719 1966 915 2027 meminissem
928 1967 1045 2044 quidem
1058 1983 1197 2046 uuquam,
1211 1964 1268 2023 nisi
1287 1980 1353 2025 mn·

226 2040 291 2106 '³75
307 2045 422 2103 ximum
441 2045 552 2104 maium
570 2046 599 2104 ei
617 2046 772 2105 imminere
789 2045 944 2114 audissem,
958 2044 1036 2124 quod
1053 2063 1118 2105 eom
1136 2044 1284 2123 perpetuis
1303 2042 1352 2102 his

307 2124 449 2200 reprimet
460 2143 479 2182 a
490 2124 625 2184 luctibus.
744 2134 747 2139 '
860 2181 863 2189 ,

211 2276 214 2281 ¹
346 2202 410 2261 EL.
429 2206 494 2280 Age
506 2222 587 2282 ergo,
601 2203 705 2279 expedi
718 2202 786 2280 quid
806 2202 843 2260 sit
862 2203 918 2261 hoc
937 2208 999 2261 tam
1017 2220 1106 2280 gravo
1125 2201 1257 2261 maioma
1279 2216 1352 2265 nom

306 2283 333 2340 si
344 2284 417 2340 mihi
430 2279 525 2355 majus
537 2282 606 2361 quid
619 2285 697 2341 hisce
709 2283 826 2348 dixeris,
840 2281 918 2339 haud
929 2281 1053 2358 amplius
1066 2281 1215 2358 obloquor.
1263 2328 1268 2337 .

349 2360 494 2421 CHRYS.
511 2362 602 2440 Atqui
613 2361 807 2440 quodeunque
818 2358 905 2435 hujus
917 2361 962 2419 rei
973 2360 1051 2427 novi,
1065 2360 1096 2419 id
1107 2377 1195 2417 omns
1206 2358 1352 2425 enarrabo

230 2434 293 2489 380
309 2439 371 2498 tibi.
411 2438 611 2499 Decreverunt
623 2442 704 2500 enim
716 2451 757 2511 te,
769 2440 825 2497 nisi
837 2442 943 2497 horum
962 2439 1159 2499 lamentorum
1176 2434 1304 2517 desios&
1315 2451 1377 2503 eo,⁴

275 2582 281 2596 ¹
307 2518 452 2595 ablegare,
464 2519 515 2576 ubi
527 2538 677 2598 nunquam
690 2520 813 2594 amplius
825 2520 893 2577 solis
902 2516 990 2594 jubar
1001 2518 1157 2597 adspiciesz
1173 2517 1238 2575 viva
1310 2580 1327 2593 .,

308 2599 340 2655 iu
353 2599 507 2655 tenebroso
519 2617 607 2674 specu
619 2599 721 2674 procul
733 2599 769 2655 ab
783 2599 837 2655 hac
849 2599 921 2655 urbe
937 2597 1068 2655 convicia
1085 2594 1199 2655 fundes.
1239 2656 1242 2661 ,
1337 2596 1351 2643 ὲ

308 2677 409 2733 obrem
422 2677 539 2735 adverte
552 2678 700 2746 animum,
724 2694 921 2754 necunquam
932 2677 1052 2753 posthoc
1065 2675 1143 2735 molo
1233 2680 1238 2689 '

306 2771 377 2830 pom
396 2756 429 2812 iu
447 2756 663 2813 meconfsras:
685 2773 764 2813 nunc
783 2756 863 2825 euim
880 2755 1008 2832 tempori
1018 2771 1122 2815 esuum
1134 2770 1170 2813 co
1201 2762 1204 2767 '

307 2851 376 2909 pore
389 2835 495 2909 potes.'
1195 2840 1208 2873 ἕ·

117 2934 121 2943 ·
232 2906 291 2961 385
346 2911 409 2972 EL.
430 2913 538 2980 istane,
553 2930 659 2992 qureso,
672 2913 747 2971 serio
759 2913 907 2971 destinent
919 2915 951 2971 iu
963 2932 1012 2972 me
1022 2912 1137 2973 tmere?

346 2990 498 3053 CHRYS.'
512 2990 653 3060 Maxime,
665 2993 753 3051 simul
764 3010 798 3050 ac
810 2993 965 3070 AEgistbus
977 2993 1099 3051 domum
1111 2988 1240 3053 redierit.

345 3068 407 3129 EL.
430 3072 551 3129 Utinam
564 3073 618 3129 hac
631 3071 748 3150 quidem
760 3073 856 3150 grstia
866 3072 967 3130 redeat
978 3071 1078 3129 ocius!

345 3149 492 3209 cHuYs.
511 3150 591 3213 Quid
604 3152 667 3218 tibi,
681 3148 699 3206 ὁ
712 3152 826 3218 misem,
839 3152 918 3211 ultro
928 3151 1114 3226 imprecaris?

341 3227 407 3287 Ele
431 3226 521 3288 illum
533 3231 642 3298 venire,
654 3231 680 3288 si
692 3230 761 3307 quid
774 3231 881 3288 horum
894 3229 988 3288 facere
999 3230 1120 3306 cogitat.

219 3303 292 3362 =890
346 3307 492 3367 cHuYs
512 3308 625 3387 Ecquid
638 3309 709 3369 mali
722 3318 756 3368 ut
767 3309 904 3386 patiaris?
938 3310 1028 3366 Satin'
1042 3325 1113 3367 sano
1124 3306 1177 3366 oo?

345 3387 408 3446 Eu.
428 3386 471 3445 Ut
482 3406 502 3445 a
512 3388 592 3445 vobis
604 3388 756 3465 aufugium
767 3405 856 3465 quam
868 3386 1046 3464 longissime.

345 3466 490 3525 CHRYS.
511 3466 587 3524 Vitre
598 3475 696 3527 autem
710 3467 860 3542 prsessutis
871 3484 932 3524 nou
945 3467 1000 3524 tibi
1011 3465 1091 3525 subit
1100 3465 1267 3543 cogitatio?-

345 3545 410 3605 Eu.
429 3546 554 3605 Pulchro
566 3546 674 3604 scilicet
687 3548 747 3604 sita
758 3563 824 3604 meo
836 3551 896 3602 est:
918 3547 1027 3604 mirum
1040 3546 1072 3603 ui
1083 3562 1151 3603 eam
1161 3548 1240 3605 tueri
1251 3546 1346 3609 velim

345 3624 491 3685 cultus,
511 3626 782 3763 Atpquclechmossst,
792 3625 818 3681 si
830 3632 863 3684 tu
875 3634 954 3682 recte
965 3641 1066 3700 sapere
1079 3640 1186 3683 nosses.
1247 3710 1250 3715 Δ

216 3696 290 3752 '³9⁵
345 3703 410 3760 EL.
432 3704 479 3761 Ne
492 3695 540 3765 me
624 3703 1002 3780 usamicisesseperfidom.

324 3782 492 3865 ΙΟΗΒΥΒ1
524 3783 593 3862 Ego
616 3802 686 3842 vero
711 3783 742 3841 id
766 3800 828 3842 uon
851 3782 960 3855 doceo,
994 3782 1046 3841 sed
1069 3780 1290 3845 dominantium
1313 3786 1372 3841 ut:

305 3876 419 4033 mo&
428 3879 656 4014 'ig'frnbsdjusmodi
674 3940 759 3999 dictis
778 3947 944 4001 assentare:
963 3958 1066 4000 meum
1084 3938 1164 3999 haud
1181 3941 1370 4013 onomiu-

306 4032 490 4193 qsqplnqus
509 4098 607 4178 Atqui<
618 4099 774 4179 pulchrum
792 4109 837 4161 est
856 4110 965 4166 tamem
978 4103 1039 4157 uon
1052 4096 1156 4157 cauare
1175 4070 1238 4175 pote
1255 4104 1371 4163 tw*

198 4214 201 4220 Ι
304 4185 407 4317 mdia..
427 4256 582 4324 Cademus,
595 4257 621 4315 si
632 4254 673 4315 sio
684 4262 811 4333 oportet,
823 4263 937 4334 patrem
948 4256 1135 4315 vindicantes.
1202 4210 1204 4214 ¹
1249 4278 1252 4283 ·
1307 4284 1322 4305 ··

212 4319 291 4383 ⁴40⁰
345 4334 490 4399 CHRYS.
510 4336 986 4415 Atuomm,sstseio,pater1pss
998 4334 1082 4396 uobis
1093 4333 1283 4399 mtvsoism.
1361 4336 1368 4347 '
