2776 4882
305 288 371 349 244
715 274 942 345 ELECTRA.

305 451 419 527 Apollo,
442 450 626 509 intulerimus
648 450 796 515 libamina,
817 456 847 507 et
866 437 969 508 tonsas'
981 451 1087 508 vertice
1106 464 1203 509 comas
1225 446 1345 511 tumulo

305 532 538 607 imposuerimus,
551 531 607 586 hnc
619 538 807 591 revertemur,
821 528 955 587 manibu's
967 530 1093 588 ferentes
1107 548 1212 589 oeream
1224 548 1345 599 urnam,

251 615 290 673 55
306 626 394 687 quam
411 609 466 666 scis
484 617 514 666 et
535 610 596 683 ipse
618 610 649 664 in
672 608 804 683 virgultis
824 608 930 665 alicubi
949 609 1032 665 nobis
1049 609 1188 675 abditam,
1200 616 1235 667 ut
1247 610 1349 667 fallaci·

304 705 439 745 sermone
451 687 577 763 deceptis
584 687 684 745 laeturn
693 687 845 745 atteramus
856 688 1003 753 nuntium,
1012 690 1125 761 periisse
1136 707 1224 744 meum
1235 706 1353 763 carpam.

305 754 532 837 mennatum’jam
553 773 580 822 et
598 769 626 822 in
646 770 744 823 cineris
762 768 912 822 reductum.
950 766 1029 827 Quid
1044 767 1123 824 enim
1136 766 1193 823 hoc
1204 767 1279 823 mihi
1290 766 1346 824 do·

251 853 292 907 60
305 846 373 916 leat,
385 845 502 921 quando
510 845 604 902 ter-bis
614 854 745 902 mortuus
753 862 784 901 re
794 846 855 920 ipsa
865 845 967 911 rivam,
977 846 1157 922 gloriamque
1167 846 1342 920 reportabo?

304 941 409 982 censeo
421 924 499 980 enim
512 923 624 981 dictum
636 924 751 981 nullum
769 942 831 981 esse
846 923 922 981 male
937 926 1109 989 ominatum,
1130 924 1209 1001 quod
1226 924 1346 982 lucrum

303 1002 414 1060 afferat.
453 1001 571 1076 Quippe
588 998 652 1073 jam
670 1004 774 1078 saepius
789 1001 849 1075 ridi
860 1002 949 1075 etiarn
961 1003 1113 1078 sapientes,
1125 1009 1258 1060 mortuos
1269 1002 1348 1059 falso

250 1087 290 1145 65
304 1080 405 1148 dictos,
419 1080 469 1158 qui
487 1098 578 1156 quum
597 1082 719 1137 domum
730 1081 852 1146 rediere,
865 1081 958 1157 magis
976 1082 1112 1138 honorati
1123 1080 1254 1138 fuerunt.
1295 1082 1346 1141 lto

304 1169 334 1218 et
346 1177 394 1218 me
406 1158 521 1216 confido
534 1178 570 1216 cx
581 1160 636 1216 hac
654 1160 732 1217 tama
744 1161 898 1224 viventem,
912 1167 945 1215 ut
958 1159 1045 1225 sidus,
1058 1159 1242 1218 obfulsurum
1262 1167 1345 1235 post-

302 1239 358 1297 hac
370 1239 493 1295 inimicis
506 1238 587 1295 meis.
626 1239 666 1294 At
677 1237 696 1295 0
708 1240 803 1313 patria
818 1247 905 1304 terra,
922 1238 1029 1315 Diique
1046 1239 1199 1314 indigetes,
1218 1239 1346 1315 excipite

302 1334 352 1375 mc
362 1317 458 1374 fausto
471 1318 568 1375 omine
580 1315 726 1384 reducem,
740 1325 830 1395 tuque
848 1316 867 1374 0
888 1323 1010 1392 paterna
1025 1317 1144 1373 domus:
1166 1317 1251 1373 venio
1262 1317 1347 1379 enim

248 1404 290 1464 70
303 1414 322 1454 o
333 1396 398 1453 Diis
410 1396 561 1471 impulsus,
574 1403 607 1452 ut
621 1396 784 1470 repetendis
798 1397 939 1454 scelerum
951 1397 1043 1471 poenis
1057 1401 1086 1452 te
1100 1396 1231 1469 expiem:
1247 1412 1345 1473 nequo

302 1492 351 1533 mc
370 1464 579 1532 inhonoratdm
600 1473 739 1532 dimittite
758 1494 794 1532 ex
813 1477 868 1532 hac
888 1480 981 1544 terra;
1003 1474 1053 1531 sed
1072 1475 1186 1540 efficite,
1200 1481 1234 1531 ut
1253 1474 1346 1533 aritae

302 1548 373 1629 opes
388 1553 537 1629 possidens
559 1559 651 1610 stator
671 1554 740 1612 iiam
761 1554 873 1612 domus.
913 1552 954 1610 Et
971 1555 1032 1610 haec
1053 1553 1171 1629 quidem
1191 1553 1345 1612 hactenus.

303 1622 369 1691 Tibi
382 1648 451 1689 vero
458 1627 533 1704 jam,
546 1648 644 1697 senex,
657 1651 734 1703 curae
746 1634 785 1689 sit
796 1634 880 1691 cunti
892 1641 977 1690 tuum
988 1640 1023 1689 ut
1036 1631 1200 1709 exsequaris
1213 1648 1342 1691 munus:

247 1716 286 1778 7⁵
303 1726 355 1767 nos
377 1727 445 1767 vero
462 1710 621 1767 exibimus:
642 1713 754 1769 occasio
771 1713 850 1771 enim
870 1710 961 1779 adest,
980 1730 1045 1789 quac
1064 1710 1217 1769 hominum
1239 1712 1346 1787 emptis

301 1789 437 1849 omnibus
450 1790 561 1865 optima
573 1800 616 1847 est
628 1787 766 1862 adiutrix.
840 1782 846 1794 “
995 1804 999 1809 ’
1219 1812 1222 1821 ·
1256 1816 1259 1821 ·

339 1866 402 1926 EL.
423 1867 483 1925 Hei
495 1868 567 1925 mihi
580 1869 707 1926 miserto!
788 1880 792 1887 “

309 2012 312 2017 ,
339 1946 441 2005 PAED.
463 1946 502 2003 Et
513 1946 630 2003 cuidem
642 1949 718 2007 visus
734 1966 799 2006 sum
812 1946 987 2007 famularum
1003 1947 1130 2026 aliquam
1147 1947 1347 2025 suspirantem

300 2026 377 2083 intra
388 2025 463 2083 aedcs
473 1966 583 2091 audire,
596 2025 615 2082 0
629 2026 680 2085 lili.

244 2106 287 2161 80
339 2102 404 2199 Oli.
424 2102 506 2223 Npm
519 2104 624 2163 misera
636 2114 679 2210 est
691 2106 828 2165 Electra?
850 2106 891 2163 ris
908 2104 957 2163 hic
970 2124 1147 2203 maneamus,
1165 2112 1196 2163 et
1211 2104 1348 2217 manento

299 2183 451 2320 auqlpqqnlps
461 2229 595 2337 illinitus.
640 2236 740 2321 Rebus
757 2262 820 2321 aliis
844 2225 977 2321 omnibns
999 2262 1179 2341 posthabitis,
1197 2260 1348 2339 Apollinis

298 2336 379 2413 jussa
397 2359 540 2402 conemur
552 2344 685 2420 exsequi:
711 2343 788 2399 hisce
810 2335 943 2417 praeverti
962 2343 1055 2409 decet,
1074 2344 1207 2419 patrique
1225 2342 1350 2401 inferias

245 2422 283 2475 85
301 2420 412 2478 facere:
434 2420 489 2479 ista
501 2422 580 2481 enim
600 2420 751 2497 victoriam
770 2420 853 2478 nobis
872 2422 1032 2488 conferent,
1046 2429 1265 2499 coeptontmqne
1277 2420 1350 2479 teti·

301 2516 365 2557 cem
378 2499 500 2557 exitum·
997 2514 1000 2519 ·

339 2576 521 2637 EL.01ux
539 2596 622 2653 pura,
643 2584 807 2657 terramque
829 2580 960 2639 ambiens
981 2579 1079 2655 spatiis
1102 2578 1260 2659 equalibus
1279 2584 1349 2647 ater,

301 2674 389 2733 quam
402 2656 509 2714 multos
522 2657 634 2725 sensisti
644 2675 723 2715 meos
732 2658 930 2717 lamentorum
941 2660 1038 2725 lessus,
1048 2658 1219 2733 crebrosque
1228 2656 1349 2717 adversi

244 2739 284 2791 90
300 2735 424 2809 pectoris
433 2730 564 2811 planctus
572 2744 718 2802 cruentos,
729 2755 819 2813 quum
831 2756 890 2795 nox
902 2737 1056 2801 tenebrosa
1067 2735 1201 2795 recessit!
1215 2738 1258 2793 At
1270 2737 1349 2815 quid

219 2862 225 2877 ,
300 2812 396 2889 longis
409 2812 542 2871 noctibus
555 2831 651 2891 agam,
665 2816 746 2874 novit
755 2810 819 2887 jam
831 2818 938 2874 invisus
950 2823 1032 2873 torus
1044 2825 1216 2873 erumnosae
1224 2814 1349 2884 domus,

232 2890 282 2962 ’95
301 2900 480 2969 quantopere
487 2894 627 2951 miserum
633 2890 733 2954 meum
743 2896 858 2973 lugeam
869 2896 1125 2973 patremquemin
1131 2892 1350 2955 barbatatem

299 2987 362 3027 non
373 2968 454 3031 Mars
467 2978 589 3030 cruento
601 2974 714 3049 excepit
726 2974 852 3053 hospitio
859 2999 867 3045 3
890 2975 941 3032 sed
961 2980 1055 3031 mater
1070 2990 1146 3038 mea,
1159 2972 1347 3051 thalamique

299 3066 417 3125 consors
428 3048 591 3128 AEgistlius,
605 3059 639 3109 ut
652 3070 790 3133 quercum
809 3054 902 3110 solent
918 3052 1045 3129 lignarii,
1062 3052 1105 3109 ita
1120 3050 1197 3109 thius
1209 3048 1347 3111 diffidere

226 3128 284 3185 100
298 3136 387 3205 caput
399 3137 520 3189 cruenta
531 3132 633 3189 securi.
674 3130 738 3189 Nec
751 3136 926 3209 quenquam,
945 3140 1051 3208 practer
1062 3146 1121 3197 me,
1133 3130 1242 3189 honrm
1252 3132 1346 3189 mise·

299 3216 354 3273 ret,
368 3214 408 3274 te,
421 3208 439 3265 0
452 3218 545 3284 pater,
559 3220 620 3267 tam
632 3210 719 3277 foeda,
732 3217 850 3289 tamque
863 3209 1021 3269 miserabili
1033 3222 1104 3267 nece
1116 3206 1270 3277 exstincto.
1303 3210 1345 3269 At

162 3301 167 3309 ·
226 3287 281 3359 105
299 3304 368 3345 vero
379 3304 529 3363 nunquam
542 3288 671 3346 desinam
684 3290 796 3367 lugere,
809 3284 983 3367 acerbosque
1000 3290 1086 3346 fletus
1097 3286 1194 3355 edere,
1206 3286 1280 3347 dum
1292 3305 1344 3347 ru-

298 3364 528 3423 tilantiavidcbo
540 3367 669 3425 siderum
687 3368 809 3432 lumina,
829 3370 962 3447 hancque
982 3368 1084 3425 videbo
1095 3368 1209 3437 lucem,
1230 3362 1344 3435 seb-m

298 3444 420 3511 luscinia
432 3446 519 3520 pullis
531 3446 642 3512 orbata,
656 3454 724 3503 ente
740 3448 816 3504 fores
833 3448 938 3505 harum
956 3454 1142 3523 paternarum
1157 3446 1266 3503 tedium
1278 3443 1343 3521 eju·

224 3522 282 3579 110
295 3522 362 3588 ,lans
373 3534 473 3581 acutos
493 3524 629 3583 omnibus
648 3542 733 3597 sonus
753 3525 936 3601 profundam.
976 3524 1120 3583 udonus
1139 3524 1212 3585 orei
1224 3528 1257 3583 et
1268 3524 1344 3584 Pro·

241 3659 245 3665 ,
297 3602 432 3677 serpinae.
445 3602 464 3660 d
477 3604 622 3663 terrestris
641 3604 780 3672 Mercuri,
801 3612 832 3662 et
851 3604 975 3667 verenda
997 3602 1345 3683 Impreoetio,·'vosqued

297 3697 403 3741 severae
410 3680 543 3741 Deorum
557 3682 623 3741 filim
635 3680 788 3759 Erinuyes,
799 3703 863 3762 qua
873 3680 983 3759 injusta
992 3700 1064 3741 nece
1073 3690 1241 3759 peremptos
1250 3682 1344 3761 mpla

224 3757 282 3812 115
297 3758 371 3827 citis,
385 3778 449 3838 quoe
461 3760 575 3819 furtivis
586 3762 693 3839 stupris
704 3763 812 3821 alienos
824 3761 963 3821 violantes
975 3762 1247 3829 thalamm,·adeste,'
1254 3768 1343 3845 opem

297 3836 382 3905 ferte,
394 3838 591 3899 ulciscimiuor
611 3842 701 3915 patris
723 3841 832 3899 caedem
852 3842 954 3907 nostri,
977 3848 1007 3898 et
1025 3840 1099 3899 mihi
1107 3846 1211 3899 mettin
1230 3840 1343 3899 mittite

224 3915 282 3987 130
296 3914 435 3975 fratrem:
455 3918 517 3975 sola
528 3920 607 3977 enim
619 3916 742 3997 amplius
755 3920 874 3978 sufferre
887 3936 950 3979 non
965 3920 1047 3977 soleo
1059 3910 1197 3979 memte
1204 3918 1342 3999 ingraves

212 4024 220 4043 ι
296 4012 378 4051 scens
391 4013 474 4053 onus.
672 4034 676 4041 «
1148 4010 1162 4021 ··
1212 4014 1217 4021 ·
1286 4019 1305 4030 ··
1332 4017 1335 4027 ·

336 4070 402 4132 CH.
423 4072 492 4132 Heu
505 4074 644 4141 tutantia
653 4077 849 4136 audacissima
857 4076 975 4143 Electra
984 4074 1096 4143 matris,
1156 4070 1344 4157 dt'e'stmpet

242 4218 246 4225 ¹
270 4180 274 4190 ·
294 4147 338 4211 ito
350 4170 488 4219 maceras,
501 4153 682 4232 inexpletum
699 4156 803 4233 lugens
818 4155 903 4213 illum
915 4156 986 4213 olim
1003 4154 1109 4213 dolosis
1132 4156 1221 4231 npte
1239 4158 1345 4217 menn

222 4226 277 4288 225
294 4230 405 4291 ortibus
416 4239 543 4308 captum,
556 4236 759 4312 scelerataque
778 4234 928 4311 proditum
947 4234 1049 4293 manui
1065 4232 1344 4315 Agamemnon&

293 4302 417 4371 Utinam
429 4317 540 4389 pereat,
552 4313 603 4393 qui
615 4313 670 4371 ista
681 4316 817 4391 patrarit,
827 4314 855 4373 si
865 4314 940 4373 mihi
951 4312 1015 4373 uec
1026 4310 1184 4391 opuntis
1196 4308 1273 4373 esti*
1304 4314 1312 4345 ·'
1328 4331 1335 4344 ·
