2776 4882
246 274 251 292 ·
297 257 359 328 Μ
518 336 524 351 Ι
552 284 555 289 ’
655 249 846 326 OEDIPUS
870 256 985 326 REX.
1010 272 1012 279 '

328 383 428 495 'olen
447 432 563 500 Metuo,
575 433 692 502 muilier,
705 451 744 492 ne
756 383 851 494 multa
863 380 951 492 nimis
963 433 1042 493 dieta
1054 430 1114 494 sint
1125 423 1211 503 m‘ffli,
1223 436 1266 498 ‹a›
1277 442 1353 535 qrb

293 534 364 575 eum
378 531 499 573 cernere
511 512 590 570 volo.
713 557 715 561 ‚
1027 550 1029 561 .
1303 572 1321 591 Ρ
1345 558 1349 567 .

225 595 287 669 ⁷7⁰
333 592 415 653 loc.
445 591 504 651 Sed
529 591 626 648 veniet
647 589 696 649 ille
722 587 860 668 quidem:
893 593 1005 651 interea
1030 610 1101 652 vero
1124 594 1217 672 digna
1236 594 1348 655 videm
1368 656 1380 671 ,

293 687 366 740 esse,
379 669 653 737 cuieaconcredas,
668 688 732 746 quae
746 679 776 727 te
789 672 1101 739 malehaberit,llrex.
1323 682 1350 707 ‘'-

332 751 427 810 OED;
448 751 512 809 Nec
522 749 578 806 hoc
591 748 646 806 tibi
654 747 817 826 denegabo,
829 768 920 826 quum
929 752 961 807 in
970 757 1083 810 tantam
1094 754 1347 830 exspectationem

238 872 246 897 ,
292 831 349 890 sim
361 836 495 888 erectus:
517 829 782 902 eui-enimspotiori
795 828 953 890 indicarem
973 848 1062 908 quam
1081 831 1145 899 tibi,
1159 832 1349 913 quandoqui-

293 909 360 969 dem
376 911 443 967 talis
456 907 530 966 mihi
542 908 662 965 fortuna
673 907 799 983 contigit
813 909 823 963 l
1126 974 1133 982 ⁶
1289 934 1303 958 .·
1329 938 1334 945 -

224 991 286 1055 775
332 988 412 1046 Mihi
424 995 509 1064 pater
521 985 640 1063 quidem
652 994 717 1044 'erat
726 985 851 1062 Polybus
864 986 1045 1054 Corinthius,
1058 994 1154 1048 mater
1162 996 1264 1049 mrtem
1276 989 1346 1049 Μο-

293 1084 364 1144 rope
384 1066 513 1137 Dorica,
535 1064 718 1141 habebarque
737 1066 816 1121 inter
835 1064 1004 1124 Corinthios
1022 1069 1099 1125 cives
1119 1068 1166 1125 vir'
1185 1069 1346 1137 maximus,

293 1155 451 1224 antequam
468 1162 551 1203 casus
569 1143 643 1201 milri
660 1143 726 1200 talis
745 1143 860 1210 accidit,
872 1144 978 1219 dignus
999 1147 1118 1223 quidem
1136 1147 1342 1216 admiratione,

293 1242 355 1284 non
367 1233 468 1282 tamen
481 1231 573 1290 tanta,
587 1231 726 1299 quantam
746 1224 821 1280 mihi
841 1220 950 1298 injecit,
958 1225 1163 1299 ,solicitudine
1204 1225 1360 1305 Namque·-v

114 1325 134 1354 .’
166 1314 173 1321 ·
223 1303 327 1371 ofloin
346 1304 478 1363 convivio
490 1304 535 1360 vir
555 1301 674 1379 quidam
693 1303 760 1378 plns
777 1309 864 1378 potus
885 1304 1011 1361 nothum
1030 1321 1078 1361 me
1097 1303 1343 1385 subdititiumqne

172 1437 182 1457 ,
293 1383 371 1460 pani
384 1391 467 1440 vocat
478 1383 557 1439 inter
572 1383 684 1456 pocula.
725 1380 816 1458 ldque
829 1398 886 1458 ego
898 1399 976 1458 aegre
989 1383 1095 1448 ferens,
1110 1402 1144 1440 ea
1156 1385 1219 1458 ipsa
1231 1383 1281 1441 die
1292 1385 1342 1443 vix

292 1481 341 1521 me
355 1463 504 1520 continui:
523 1459 663 1537 postridie
672 1473 741 1516 vero
751 1470 876 1518 matrem
889 1459 1062 1538 patremque
1074 1465 1208 1529 conveni,
1218 1470 1342 1544 remque

105 1527 108 1535 ¹
192 1594 196 1600 .
251 1554 253 1558 ·
292 1541 548 1618 exillisquoesivi=
570 1538 656 1597 atilli
675 1538 777 1595 audito
797 1539 853 1595 hoc
872 1539 990 1615 probro,
1005 1536 1207 1617 indignatione
1225 1558 1342 1602 exarse-

147 1661 151 1669 .
218 1624 285 1685 785
293 1628 365 1678 runt
376 1629 479 1678 contra
498 1636 568 1676 eum
588 1618 638 1695 qui
657 1616 769 1676 dictum
789 1619 933 1676 emiserat.
977 1620 1014 1677 Et
1026 1637 1084 1696 ego
1105 1620 1223 1696 quidem
1235 1620 1355 1681 eurum

292 1716 428 1759 sermone
441 1697 607 1756 delectabar
614 1720 623 1767 3
643 1703 743 1753 tamen
755 1697 859 1754 urebat
873 1716 922 1754 me
932 1701 1049 1774 semper'
1061 1699 1117 1755 hoc
1129 1699 1260 1772 dictum3
1281 1701 1343 1761 alta

292 1779 373 1836 enim
386 1784 487 1836 mente
508 1771 633 1833 infixum
645 1774 784 1832 herebat.
804 1775 930 1833 Proinde
943 1777 1020 1837 clam
1031 1789 1113 1852 patre
1125 1787 1157 1836 et
1167 1786 1261 1836 matre
1273 1772 1343 1856 pin·

116 1836 118 1846 ⁴
218 1898 220 1903 .
277 1856 406 1914 -ilciscor
417 1853 567 1932 Delphosr
584 1863 614 1912 et
624 1872 672 1912 me
685 1853 804 1931 quidem
815 1856 922 1929 Apollo
934 1856 1045 1913 dimisit
1054 1858 1117 1914 sine
1126 1857 1189 1914 ullo
1202 1875 1342 1934 responso

219 1935 330 2000 {wad
342 1953 377 1993 ea
389 1953 516 2013 quorum
537 1935 633 2011 gratia
652 1948 797 1996 veneram,
812 1934 868 1990 alia
887 1943 985 1992 autem
1006 1935 1112 1992 misera
1132 1936 1163 1992 'et
1181 1938 1295 1995 atrocia
1310 1952 1345 1996 et

292 2016 426 2073 luctuosa
438 2021 538 2088 aperte
551 2011 693 2090 praedixit,
707 2012 777 2069 fore
789 2021 824 2068 ut
838 2013 927 2070 matri
946 2015 1181 2082 concumberem,
1194 2012 1342 2074 sobolem·

193 2145 196 2159 ‚
293 2111 351 2173 que
370 2094 501 2151 odiosam
521 2101 551 2149 et
571 2091 784 2149 intolerabilem
803 2092 971 2150 hominibus
985 2093 1176 2167 producerem
1188 2095 1340 2162 inlunem,

292 2180 476 2251 patremque,
488 2172 537 2248 qui
549 2189 598 2229 me
611 2171 759 2247 genuisset
772 2170 942 2228 occiderem.
963 2171 1005 2229 Et
1017 2191 1084 2248 ego,
1099 2174 1144 2230 his
1156 2173 1273 2241 aidlm,
1281 2176 1340 2234 Go-

226 2253 286 2324 795
294 2253 412 2310 rinthiae
425 2259 511 2308 terrae
524 2249 694 2315 valedicens,
707 2250 831 2326 solisque
846 2268 883 2307 ex
896 2252 980 2308 astris
999 2253 1119 2327 posthac
1138 2249 1342 2325 conjecturam
1360 2271 1365 2276 ·

292 2331 431 2398 factunm,
445 2330 635 2408 quamtlonge
647 2328 684 2386 ab
693 2346 732 2386 ea
744 2328 933 2395 recessissem,
944 2330 1048 2406 fugere
1058 2331 1182 2398 decrevi,
1193 2331 1291 2391 donee
1305 2330 1351 2391 eo‘

290 2412 485 2488 pervenirem,
497 2408 552 2467 ubi
562 2424 713 2486 nunquam
725 2407 834 2464 scelera
847 2415 877 2463 et
890 2407 1032 2468 dedecora
1047 2410 1201 2468 admittere
1213 2428 1340 2486 possem,

269 2498 274 2507 ’
293 2506 359 2568 qam
378 2489 474 2547 tristia
492 2491 751 2564 praemonstrarent
769 2486 895 2545 oracula.
935 2487 998 2546 Iter
1015 2497 1116 2546 autem
1135 2490 1254 2558 faciens,
1266 2490 1341 2550 adeo

222 2570 372 2627 0001oeoe
391 2568 457 2625 illos
471 2568 563 2645 ipsos,
576 2565 628 2622 ubi
647 2582 748 2641 regern
768 2565 847 2622 huno
866 2566 985 2640 periisse
1003 2567 1095 2624 dieis:
1116 2569 1237 2646 tibique,
1253 2587 1341 2637 uxor,

261 2716 263 2720 ,
292 2666 395 2707 verum
414 2647 543 2721 eloquar.
584 2644 687 2706 Quum
708 2644 766 2702 iter
784 2660 938 2720 pergerem
957 2663 1048 2722 prope
1067 2647 1140 2705 illud
1154 2649 1283 2713 trivium,
1298 2650 1344 2717 ibi

291 2727 407 2785 obviam
421 2725 494 2782 mihi
506 2723 595 2781 simul
606 2739 712 2779 venere
723 2740 877 2800 praeeoque
890 2732 920 2781 et
933 2725 986 2792 vir,
1001 2726 1117 2803 qualem
1136 2735 1171 2784 tn
1190 2728 1243 2793 ais,
1256 2730 1340 2806 equis

225 2801 394 2879 wijfflcm
405 2803 496 2863 rheda
507 2809 615 2869 vectus,
628 2808 659 2858 et
671 2819 701 2881 ⁴e
720 2803 766 2860 via
785 2819 833 2860 me
849 2812 1001 2881 rectorque
1021 2805 1121 2862 rhedae
1132 2814 1164 2862 et
1175 2808 1237 2882 ipse
1248 2814 1343 2868 senex

291 2883 463 2943 submonere
483 2883 654 2955 voluerunt:
678 2884 750 2950 tunc
762 2898 822 2958 ego
832 2883 976 2957 aunigam,
988 2884 1039 2959 qui
1050 2902 1098 2941 me
1111 2885 1259 2953 trudebat,
1272 2902 1344 2961 per-⁸

262 2966 264 2970 '
291 2965 372 3021 ontio
394 2965 501 3022 iratus:
536 2969 567 3018 at
591 2977 688 3023 senex,
709 2960 762 3018 ubi
785 2978 833 3018 nie
859 2961 945 3018 videt.
959 2979 1051 3037 prope
1071 2964 1239 3022 vehiculum
1258 2965 1341 3026 ince-

292 3041 420 3105 dentem,
441 3041 606 3107 observans,
628 3039 757 3097 medium
778 3046 866 3115 caput
887 3040 995 3115 duplici
1013 3043 1142 3099 stimulo
1153 3043 1227 3102 mihi
1246 3043 1339 3104 feriit.

223 3120 286 3180 elo
292 3122 364 3180 Non
376 3120 496 3199 quidem
508 3137 562 3196 par
573 3119 643 3177 tulit
653 3120 718 3194 pari
729 3118 874 3188 relatum3
895 3120 946 3176 sed
960 3120 1116 3179 confestim
1129 3123 1257 3199 scipione
1271 3136 1340 3200 per-l

291 3193 391 3259 cuss'us
402 3200 442 3258 ab
460 3200 514 3256 hac
526 3216 627 3263 manu,
639 3199 761 3274 supinus
772 3198 870 3256 media
886 3216 922 3256 ex
935 3198 1027 3257 rheda
1038 3202 1138 3257 statim
1151 3200 1319 3262 devolvitur
1332 3226 1342 3263 s

126 3344 128 3353 ,
197 3305 199 3310 ·
290 3283 405 3357 perimo
417 3295 533 3357 quoque
545 3278 693 3335 universos
706 3276 801 3334 simul.
825 3275 857 3333 Si
868 3288 968 3335 autem
980 3279 1085 3354 ignoto
1097 3279 1139 3337 illi
1152 3281 1215 3339 viro
1227 3275 1342 3359 aliquid

179 3406 186 3415 ,
222 3357 283 3414 ⁸15
291 3374 361 3419 cum
372 3357 448 3417 Laio
460 3373 616 3415 commune
626 3364 681 3419 est,
688 3357 752 3431 quis
761 3373 811 3413 me
824 3364 869 3412 eet
878 3357 1034 3432 miserior?
1053 3360 1186 3435 quisnam
1197 3378 1259 3418 esse
1274 3379 1346 3437 posuv

248 3445 270 3481 '-
290 3440 330 3498 sit
342 3439 435 3516 magis
448 3437 556 3495 invisus
569 3434 655 3492 Diis?
678 3452 766 3511 quem
778 3433 856 3516 nqlli
868 3436 1017 3511 hospitum
1029 3455 1124 3514 neque
1144 3439 1251 3498 civium
1267 3440 1342 3501 lieet

291 3516 380 3576 domo
393 3518 532 3592 recipere,
545 3532 641 3591 neque
652 3514 763 3590 alloqui
770 3537 779 3585 3
801 3513 852 3570 sed
871 3514 908 3571 ab
920 3515 1031 3573 aedibus
1048 3517 1159 3591 pellere
1173 3514 1339 3590 jubentur:

223 3603 379 3675 slloatque
391 3597 465 3654 alius
478 3611 567 3653 nemo
578 3586 645 3660 fuit,
660 3611 746 3669 quam
759 3610 826 3670 ego,
837 3595 888 3670 qui
897 3595 1119 3653 mihimetdiras
1131 3598 1182 3655 has
1193 3598 1341 3675 impreca-

254 3678 262 3731 Ῑ·
291 3684 339 3732 tus
351 3693 426 3734 sum.
457 3674 573 3733 Tomm
585 3680 686 3731 autem
698 3674 809 3730 mortui
821 3673 893 3731 meis
905 3674 994 3748 ipsius
1007 3676 1143 3749 manibus
1156 3679 1340 3746 contamino,

252 3747 255 3812 j
291 3771 346 3831 per
358 3771 429 3831 quas
440 3753 537 3828 periit.
556 3752 666 3810 Nonne
677 3751 834 3809 sceleratus
846 3755 932 3809 sum?
948 3769 1048 3810 nonne
1061 3760 1142 3811 totus
1151 3756 1340 3832 impuratus-i

290 3832 529 3912 quandoquidem
541 3832 674 3890 exsulare
686 3849 734 3889 me
748 3841 874 3906 oportet,
888 3832 1018 3908 mihique
1030 3834 1176 3893 exsulanti
1188 3853 1244 3893 nec
1255 3843 1344 3899 meon

127 3954 133 3965 .
222 3915 282 3973 885
289 3913 335 3974 fas
346 3919 391 3970 est
402 3910 512 3977 videre,
526 3928 580 3968 nec
592 3911 624 3967 in
637 3910 761 3985 petriam
774 3909 879 3986 pedem
891 3909 968 3968 terre
978 3934 987 3981 3
1009 3922 1061 3970 aut
1080 3914 1169 3971 matri
1180 3913 1345 3990 mee-don*-¹

273 3991 382 4051 ‘nubio
398 3987 487 4066 jungi
505 4007 554 4047 me
574 3996 700 4064 oportet,
714 3996 748 4070 *et
767 3996 881 4064 patrem
900 3989 1032 4049 occidere
1050 3991 1203 4068 Polybum,
1217 3995 1269 4070 qni
1280 4009 1342 4057 'rna

289 4070 392 4148 genuit
414 4077 445 4126 et
467 4067 609 4126 educavit.
648 4067 757 4126 Nonne
779 4068 830 4146 qui
851 4068 888 4126 ab
910 4069 1017 4126 immiti
1033 4070 1168 4130 daemone
1186 4073 1250 4130 hen
1262 4073 1366 4137 mint.

118 4139 120 4143 ἲ
218 4149 435 4223 modestinus
450 4144 705 4220 judicaret,-recte
724 4148 867 4204 sentiret?
901 4147 960 4214 Ne,
973 4158 1080 4225 quaeso,
1096 4167 1144 4218 ne,
1163 4151 1183 4208 n
1201 4152 1342 4215 Deorum

287 4235 389 4289 macta
399 4228 531 4296 numina,
542 4225 655 4286 videaur
666 4226 746 4284 hunc
753 4225 846 4298 diem,
858 4225 910 4284 sed
921 4227 1003 4303 prius
1015 4245 1052 4286 ex
1061 4230 1231 4290 mortalium
1243 4224 1343 4303 omtllt

287 4305 945 4402 prensamqumcontigssenilrviden
957 4309 1341 4411 wumtvmfflelfflre
1372 4300 1380 4316 '
