2776 4882
205 298 209 307 ,
301 249 366 309 m
577 235 768 303 merrus
790 186 1054 309 bonoribus,

227 418 286 473 410
340 410 435 471 OED.
454 410 590 474 Quonam
603 412 763 478 eveniente,
777 409 795 469 d
808 411 877 478 filia,
890 414 979 471 casui
1055 438 1059 446 ·
1330 456 1336 468 .

174 499 178 505 ’
240 522 244 529 -
341 488 421 548 lSM.
441 488 506 545 Tua
518 506 555 545 ex
567 488 619 554 ira,
634 490 749 566 quando
761 491 875 547 tumulo
888 493 1021 550 insistent
1032 500 1093 552 tuo.
1193 560 1195 565 ,
1315 497 1339 567 ⁰,

342 568 436 627 OED.
456 567 531 628 Qure
540 565 609 624 dicis
623 577 730 634 autem,
743 587 762 625 a
774 586 831 644 quo
843 570 942 627 andita
954 574 1115 641 renuntias,
1127 573 1218 643 tibet,
1262 618 1266 623 .
1333 620 1339 641 ,

315 681 318 687 =
341 646 421 705 lsst.
442 645 581 721 allegatis
594 647 900 721 Delphusco'nsultum
912 649 1013 707 missis.

342 723 435 785 0131).
456 724 496 782 Et
520 725 581 782 baec
605 733 726 801 propter
746 744 795 784 me
815 735 953 784 eventura
977 746 1038 786 esse
1061 727 1166 807 Apollo
1184 730 1348 801 confirm}

229 840 236 877 ¹.
303 804 363 863 vit?
898 866 900 870 ,

226 884 286 941 415
342 883 421 940 ISM.
443 883 490 940 Sic
502 883 584 940 aiunt
597 883 646 959 qui
659 881 781 958 Delphis
792 881 905 940 Thebas
918 885 1023 941 reversi
1032 891 1113 956 sunt.

281 989 285 994 ·
341 961 435 1020 OED.
457 963 645 1020 Alteruterne
656 963 718 1018 haee
730 961 836 1018 audivit
849 977 984 1020 meorum
995 962 1144 1023 filiorum?

335 1041 421 1099 ism.
441 1040 570 1118 Uterque
583 1041 701 1115 pariter,¹
714 1051 743 1096 et
756 1052 863 1097 norunt
878 1040 975 1114 probe.
1333 1088 1339 1109 .,

341 1118 437 1176 OED.
458 1119 551 1184 Itane,
564 1121 609 1177 bis
621 1119 735 1185 auditis,
748 1119 938 1175 scelestissimi
946 1120 994 1177 illi
1006 1120 1089 1196 regni
1101 1120 1269 1198 cupidinem
1281 1122 1349 1191 mel

302 1196 443 1256 desiderio
456 1199 651 1273 praeponunt?
1333 1256 1337 1263 ,

116 1318 120 1331 .
226 1278 287 1340 tao
340 1276 419 1334 ISM.
439 1276 535 1333 Doleo
547 1277 680 1352 equidem
693 1275 755 1333 haee
767 1276 895 1342 audiam,
908 1277 972 1334 fero
985 1284 1091 1336 tamen.
1334 1320 1338 1325 -

187 1388 194 1410 ι
306 1371 310 1380 ’
341 1356 433 1413 om).
453 1357 494 1413 At
505 1357 560 1413 illis
574 1355 625 1412 Dii
638 1373 731 1431 neque
743 1355 837 1412 fatalis
850 1352 937 1426 hujus
945 1357 1139 1414 contentionis
1147 1356 1345 1421 messentius

301 1442 404 1511 guent,
417 1445 447 1491 et
460 1452 547 1509 penes
560 1451 607 1491 me
619 1434 658 1491 sit
669 1435 751 1492 istius
763 1451 869 1510 pugnae
882 1435 985 1505 exitus,
996 1454 1083 1510 quam
1097 1453 1176 1493 nuno
1188 1454 1343 1499 conserere

226 1482 285 1569 d25
301 1521 414 1591 parant,
437 1514 560 1570 invicem
580 1513 611 1568 in
632 1531 663 1568 se
682 1531 764 1569 arma
784 1513 958 1568 inferentes:
977 1522 1012 1570 ut
1037 1531 1131 1592 neque
1156 1517 1207 1590 qui
1224 1525 1345 1593 seeptro

301 1593 462 1668 soliumque
476 1609 554 1647 nune
575 1598 664 1652 tenet,
687 1591 721 1647 iis
738 1591 867 1665 potiatur
879 1593 1012 1666 amplius,
1030 1609 1083 1649 nec
1096 1592 1146 1669 qui
1161 1594 1194 1651 in
1204 1596 1341 1663 exsilium

141 1669 147 1683 “
220 1708 222 1713 -
301 1672 400 1746 pulsus
423 1678 476 1736 est,
496 1670 570 1727 urbe
593 1669 748 1743 recipiatur
773 1669 886 1739 denu03
910 1671 958 1746 qui
981 1671 1099 1747 quidem
1122 1662 1273 1747 parebtem
1291 1691 1360 1733 me*

301 1766 397 1815 suum,
412 1767 500 1826 quum
521 1748 713 1823 ignominiose
733 1747 805 1804 adeo
825 1748 919 1822 patria
936 1745 1064 1820 ejicerer,
1078 1767 1131 1806 nee
1144 1751 1340 1817 retinuerunt.

301 1844 356 1901 nec
378 1827 466 1884 tutati
488 1836 572 1896 sunt;
594 1826 644 1882 sed
665 1827 698 1882 iis
717 1826 911 1884 annuentibus
931 1828 1019 1884 domo
1031 1837 1061 1884 et
1079 1828 1206 1887 fortunis
1225 1848 1341 1897 eversu
1381 1882 1384 1887 .

227 1906 287 1962 430
302 1905 436 1980 expulsus
448 1904 501 1983 fui,
515 1912 601 1982 atque
614 1905 694 1961 exsul
706 1905 897 1962 renuntiatus.
936 1906 976 1963 At
987 1907 1062 1963 forte
1076 1906 1161 1990 dicas!
1171 1908 1248 1969 bano
1266 1910 1341 1969 mibi

236 2047 239 2053 ¹
301 1985 430 2059 cupienti
451 1984 576 2058 gratiam
596 1993 660 2040 tum
682 1984 769 2040 fuisse
791 2002 810 2040 a
829 1983 946 2049 civibus,
959 1996 997 2042 nt
1015 1993 1151 2059 parerat,
1165 2003 1341 2051 conoessum.
1359 1994 1364 1999 '

303 2061 392 2119 Haud
416 2079 484 2118 sane
509 2081 540 2118 se
563 2063 605 2118 ita
630 2080 675 2118 res
700 2062 795 2118 habet.
836 2062 914 2121 Nam
936 2064 1035 2120 statim
1057 2065 1153 2138 primo
1168 2063 1226 2133 die,
1247 2083 1344 2143 quum

298 2134 503 2216 ¹indignatione
515 2141 650 2216 flagraret
673 2141 745 2196 mihi
765 2141 889 2206 animus,
910 2142 1040 2218 morique
1054 2141 1251 2201 dulcissimum
1264 2153 1340 2207 esset

228 2217 286 2273 ⁴35
303 2220 374 2279 mihi
385 2227 415 2276 et
427 2219 568 2294 lapidibus
581 2220 675 2284 obrui,
686 2237 772 2276 nemo
783 2214 955 2294 comparuit,
968 2222 1018 2295 qui
1030 2221 1114 2280 istam
1125 2221 1198 2278 mibi
1209 2224 1341 2297 expleret

303 2297 507 2374 cupiditatem:
530 2314 620 2375 quum
633 2315 701 2354 vero
713 2299 851 2372 temporis
864 2298 946 2372 lapsu
962 2295 1025 2370 jam
1039 2300 1133 2356 omnis
1146 2299 1230 2357 dolor
1243 2302 1342 2361 molli-
1377 2330 1384 2347 ι

231 2428 234 2435 .
304 2383 351 2447 ltu
363 2384 446 2444 esset,
460 2377 778 2454 animadvertissemque
792 2379 841 2433 irae
858 2378 1041 2434 exaestuantis
1053 2377 1167 2452 impetu
1178 2379 1341 2445 acerbiores

227 2442 288 2508 14⁰
303 2473 360 2521 me,
373 2473 460 2532 quam
478 2474 531 2530 pro
544 2456 662 2519 delictis,
677 2474 777 2530 poenas
789 2455 825 2512 de
843 2473 890 2511 me
902 2457 1064 2529 sumpsisse,
1078 2466 1148 2513 tunc
1160 2456 1280 2517 demum
1292 2477 1342 2521 me

302 2535 400 2619 civitas
413 2535 529 2609 quidem
548 2534 638 2609 longo
657 2541 722 2608 post
741 2541 872 2607 tempore
886 2553 902 2590 e
916 2533 1020 2592 finibus
1033 2536 1156 2592 invitum
1169 2532 1273 2606 ejecit3
1295 2539 1341 2596 illi

302 2630 381 2678 vero,
394 2614 484 2691 patris
504 2613 625 2687 pulchra
644 2611 765 2679 soboles,
779 2613 855 2686 patri
867 2630 956 2686 quum
977 2621 1193 2688 possent-opem
1205 2614 1297 2681 fene,
1306 2615 1338 2674 id

302 2698 438 2767 praestare
450 2701 626 2747 renuerunt:
647 2691 708 2756 sed,
723 2692 789 2766 quia
802 2709 839 2746 ne
852 2691 972 2747 verbulo
984 2692 1102 2768 quidem
1114 2710 1230 2750 causam
1242 2711 1341 2762 meam

227 2765 287 2821 645
304 2771 380 2826 tueri
393 2771 519 2845 aggressi
531 2778 610 2835 sunt,
624 2770 746 2825 extorris
758 2769 815 2825 illis
828 2776 857 2824 et
871 2769 1017 2826 mendicus
1030 2788 1127 2847 vagor.
1161 2771 1200 2829 At
1211 2789 1249 2831 ex
1260 2773 1344 2839 lsieoe

303 2848 472 2925 virginibus,
486 2855 626 2926 quantum
639 2847 695 2903 illis
709 2866 760 2922 per
771 2865 871 2905 sexum
884 2848 962 2916 licet,
974 2849 1080 2906 victum
1090 2855 1225 2923 paratum
1235 2851 1343 2920 moen,

303 2936 334 2983 et
352 2945 480 2984 securam
494 2928 601 2993 sedem,
622 2934 652 2982 et
668 2925 764 2983 dulcia
781 2927 939 2983 liberorum
959 2928 1126 2985 ministeria.
1158 2928 1215 2985 ·Illi
1226 2935 1340 2995 nutem

268 3069 270 3074 ,
303 3013 385 3082 patre
407 3007 577 3081 postposito,
598 3004 766 3064 maluerunt
788 3006 909 3063 thronos
931 3015 961 3062 et
981 3013 1094 3079 sceptra
1118 3024 1229 3082 regere,
1246 3008 1342 3084 impe-

133 3096 137 3105 ’
229 3080 289 3136 450
304 3085 404 3161 rioque
422 3086 512 3159 potiri
528 3083 615 3142 urbis.
655 3083 712 3140 Sed
731 3101 879 3161 nunquam
900 3102 948 3140 me
967 3085 1167 3142 auxiliatorem
1179 3085 1342 3154 habebunt,

304 3181 358 3221 neo
372 3181 497 3239 unquam
511 3163 629 3220 Cadmei
640 3158 728 3233 hujus
740 3164 824 3239 regni
836 3163 935 3219 laetum
946 3164 1103 3238 percipient
1112 3163 1250 3222 fructum.
1270 3163 1340 3239 Hoc

235 3302 244 3313 ¹,
304 3259 360 3317 ego
374 3242 450 3308 novi,
464 3238 605 3319 hujusque
618 3241 736 3299 oracula
756 3241 884 3306 audiens,
904 3242 1046 3316 simulque
1066 3248 1203 3317 reputans
1219 3238 1340 3305 meeum

230 3314 288 3372 455
304 3328 402 3376 vetera
421 3336 565 3395 responso,
579 3337 643 3396 quae
665 3320 737 3375 mihi
756 3320 827 3376 olim
850 3319 950 3376 effecta
967 3319 1046 3376 dedit
1057 3320 1170 3395 Apollo.
1210 3321 1341 3380 Proinde

305 3401 461 3456 Creontem
474 3400 601 3462 mittant,
616 3399 665 3474 qui
684 3415 731 3454 me
746 3406 879 3464 arcessat,
892 3399 937 3454 vel
948 3399 971 3454 si
1003 3400 1048 3455 uis
1060 3400 1133 3456 alius
1146 3400 1179 3457 in
1190 3401 1263 3457 urbs
1274 3402 1343 3477 pol-

303 3479 346 3535 let
358 3477 482 3535 viribus:
505 3478 529 3532 si
548 3477 627 3532 enim
639 3479 730 3538 vosb
750 3472 885 3550 hospites,
899 3494 965 3533 eum
985 3418 1029 3534 ilis
1048 3477 1217 3535 venerandis
1235 3480 1341 3555 populi
1367 3535 1377 3547 .

207 3551 211 3559 ’
247 3543 259 3559 ’
304 3558 391 3615 vestri
402 3555 570 3632 praesidibus
583 3554 708 3620 Deabus,
718 3555 825 3612 auxilio
837 3556 909 3612 mihi
921 3555 1014 3611 velitis
1023 3555 1129 3622 adesse,
1140 3557 1209 3615 huic
1217 3558 1339 3632 quidem

168 3650 171 3657 ·
230 3625 289 3682 460
304 3635 370 3692 urbi
392 3653 531 3711 magnum
554 3634 754 3708 sospitatorem
775 3633 985 3710 eomparabitis,
1007 3635 1079 3692 meis
1098 3644 1199 3695 autem
1213 3635 1342 3699 inimicis

304 3715 424 3771 malum.
466 3734 469 3739 ·
539 3732 545 3742 ·
743 3743 747 3750 ·

285 3791 288 3797 ’
343 3791 407 3848 CH.
427 3791 562 3848 Proiecto
583 3790 689 3865 dignus
709 3807 749 3855 es,
771 3789 888 3865 OEdipe,
910 3799 1011 3868 tuque,
1024 3798 1055 3847 et
1071 3792 1271 3868 virginesbna,
1283 3795 1343 3855 ni.

303 3870 465 3928 sericordia.
505 3869 651 3932 Quoniam
668 3886 736 3925 vero
748 3869 802 3925 hac
814 3871 945 3927 oratione
958 3879 988 3926 te
1001 3879 1178 3937 servatorem
1190 3871 1259 3929 huic
1271 3872 1342 3935 tubi

303 3949 456 4025 polliceris,
470 3964 533 4022 quae
546 3949 577 4003 in
590 3964 652 4003 rem
666 3954 746 4003 tuam
756 3947 823 4014 sint,
836 3946 872 4003 de
884 3949 918 4004 iis
931 3947 1112 4007 admonitum
1124 3956 1155 4017 te
1167 3949 1245 4019 volu.¹
1264 3966 1272 4015 j
1294 4002 1309 4012 ,,
1328 3980 1335 3993 ·

227 4019 287 4075 465
343 4026 436 4084 οΕΙ);
457 4025 651 4102 Gratissima
665 4026 807 4098 interpres
819 4026 891 4083 mibi
900 4027 938 4082 sis
951 4028 1050 4085 omnia
1061 4027 1156 4087 facere
1166 4034 1297 4102 panta,
1370 4028 1374 4045 ¹

285 4170 287 4175 ‚
343 4105 408 4162 CH.
429 4105 528 4161 Statue
541 4103 633 4179 igitur
644 4104 787 4177 piaculare
797 4121 911 4163 sacrum
924 4104 1040 4164 Deabm
1053 4105 1142 4178 haee,
1151 4106 1188 4169 ad
1198 4108 1342 4189 quami-

276 4183 510 4248 .mum'venisti,
524 4189 555 4238 et
567 4199 688 4258 quarum
700 4181 814 4239 ealeasti
826 4183 930 4241 solum.
1032 4216 1035 4223 .
1141 4195 1143 4199 ’
1170 4218 1174 4229 ·
1214 4228 1218 4245 ς
1257 4218 1261 4233 ·
1291 4219 1297 4254 ς
1337 4203 1343 4214 “

342 4261 436 4320 oon.
457 4260 874 4338 Quibusanodismhospites?
895 4260 1065 4347 domena.
1113 4329 1116 4333 ,
1156 4246 1188 4293 ²
1232 4282 1245 4333 ς.
1287 4316 1291 4323 .
