2776 4882
313 239 381 305 806
768 240 918 309 AJAX.·

239 416 299 481 870
314 412 443 546 cel‘rircere
465 418 561 490 queat.
610 411 687 471 Ecce
709 429 788 481 vcro,
814 415 895 474 ecce!
929 419 1083 495 strepitum
1109 419 1188 480 enim
1209 419 1362 499 quendam

314 508 352 548 au
373 509 411 547 ιο.

305 588 308 593 ·
353 567 516 628 SEMICH.
536 568 679 627 Nostrtlm
693 571 821 648 quidem,
835 575 980 633 navalium
994 576 1150 637 sociorum.

353 647 518 707 SEMICH.
539 648 619 710 Quid
631 649 723 725 igitur
735 652 798 707 est!

313 726 517 863 talSFIJaMlCH.
536 726 648 786 Totum
667 729 839 804 perlustravi
851 733 1036 791 nauticorum
1048 742 1210 794 castrorum
1222 735 1362 795 eunden«

356 824 373 861 e
415 814 470 863 tus,

238 885 296 948 875
352 884 517 943 suulcfl.
540 884 678 943 Habesne
689 885 800 964 igitur?
878 908 883 919 ·

311 1040 333 1098 d
352 961 515 1056 suulcfl.
538 963 659 1022 laboris
672 965 790 1042 quidem
802 966 928 1044 copiam,
940 974 971 1025 et
983 969 1057 1029 nihil
1072 970 1207 1047 amplius,
1219 970 1304 1049 quod
1315 972 1359 1031 ri·

333 1059 416 1101 enm.
501 1059 504 1063 ·

351 1119 515 1179 SEMlCH.
535 1120 598 1213 ileo
617 1122 690 1185 mihi
708 1141 778 1181 sane
794 1123 988 1216 adorientem
998 1112 1094 1185 solem
1101 1126 1238 1206 pergenti
1249 1128 1296 1189 rir
1306 1104 1358 1189 hi'c

236 1289 297 1357 830
306 1199 726 1356 mduldmgdrildligdddiffiffi
737 1202 870 1358 dddsuddtrn
883 1302 920 1341 ex
932 1283 1081 1361 laboriosis
1093 1266 1294 1362 piscatoribus
1306 1302 1357 1347 ttu-

312 1363 406 1433 pturae
424 1357 564 1424 intentus,
584 1358 695 1433 soporis
714 1377 827 1434 expers,
843 1371 897 1420 aut
909 1381 976 1439 quae
994 1362 1125 1422 Dearum
1137 1364 1185 1422 vel
1202 1362 1356 1443 Olympia-

235 1447 294 1503 885
306 1436 392 1503 dum,
404 1436 450 1492 vel
461 1435 590 1494 labentes
602 1437 636 1494 in
646 1435 809 1514 Bosporum
826 1440 927 1498 fluvios
946 1442 1147 1511 incolentium,
1159 1442 1247 1510 dicat,
1260 1442 1355 1515 nortui

309 1515 386 1574 forte
398 1515 493 1573 lemm
506 1511 626 1585 Ajacem
638 1516 733 1573 videat
745 1527 901 1577 errantem.
941 1520 1035 1578 Grave
1048 1528 1092 1578 est
1104 1524 1185 1581 enim
1196 1529 1354 1599 vagantem

233 1604 295 1662 890
310 1594 406 1652 multo
423 1612 491 1651 curn
511 1593 610 1667 labore
628 1595 745 1655 irritum
764 1599 908 1674 peregisse
927 1615 1056 1667 cursum,
1076 1618 1181 1680 meque
1199 1600 1356 1669 hominem

309 1672 487 1733 imbecillum
500 1681 530 1729 et
542 1671 652 1729 viribus
664 1672 799 1737 linctum,
813 1675 865 1733 ubi
877 1685 921 1734 est
933 1695 994 1737 uon
1004 1696 1133 1738 comere.

347 1749 472 1809 TECM.
492 1750 552 1807 Hei
564 1751 647 1817 mihi,
660 1751 708 1809 hei
722 1753 812 1812 mihi!

348 1829 416 1887 CH.
438 1823 513 1902 Cujs
525 1846 581 1886 vox
591 1830 653 1912 haee
666 1832 797 1904 proxime
810 1851 827 1890 e
839 1851 959 1892 nemore
972 1835 1062 1892 exiit?
1110 1872 1118 1889 1

250 1975 254 1981 p
345 1907 469 1967 rucM.
491 1907 560 1967 Heu
572 1927 619 1967 me
631 1909 793 1967 infelicem!

233 1997 313 2059 895⁴
348 1984 414 2045 CH.
434 1986 584 2061 Captivam
608 1986 802 2057 Tecmessam,
821 1990 958 2049 miseram
976 2009 1113 2069 sponsam
1132 1990 1226 2061 rideo,
1244 1993 1280 2055 in
1298 1995 1355 2063 hos

308 2066 429 2127 effluam
441 2073 568 2142 questus.

345 2144 468 2287 Τξῦὒᾶ.
489 2145 577 2282 gerii,
590 2144 692 2265 occidi,
705 2154 804 2205 actum
816 2153 870 2215 est,
883 2146 987 2205 amici:
1009 2149 1083 2207 nihil
1094 2160 1225 2227 superest
1237 2150 1324 2217 mihi.

346 2225 371 2281 C
406 2269 412 2283 .
461 2224 490 2282 ui
522 2224 625 2283 idest.
1033 2252 1037 2259 ·

344 2302 466 2363 l'ECM.
486 2299 564 2375 Ajax
574 2303 654 2362 hicce
668 2304 752 2363 nobis
767 2299 848 2377 jacet
860 2304 970 2363 recenti
982 2302 1132 2365 confectus
1143 2306 1276 2379 minere,
1287 2306 1359 2369 fur·

304 2381 570 2441 tivoseseindutus
581 2381 689 2459 gladio.
1133 2420 1168 2450 ι,

229 2471 291 2531 900
345 2460 410 2521 cll.
430 2461 536 2519 Eheu!
557 2460 594 2519 de
607 2460 703 2518 reditu
715 2468 815 2520 actum
827 2469 872 2519 eat
884 2461 966 2519 mihi.
1006 2460 1109 2523 Eheu!
1132 2464 1273 2535 occidisti,
1284 2482 1353 2535 rex,

124 2542 128 2549 '
298 2559 354 2601 -rne
366 2548 451 2599 tuum
462 2539 583 2597 socium.
623 2539 840 2617 Omiserego!
861 2540 1057 2599 aerumnosa
1068 2542 1193 2601 mulier!

343 2618 466 2677 TECM.
485 2616 584 2684 Nunc,
597 2624 632 2675 nt
644 2635 690 2675 res
702 2636 733 2675 se
745 2619 843 2685 habet,
855 2619 956 2696 lugere
969 2618 1061 2678 decet.

229 2708 288 2766 905
344 2696 411 2755 CH.
431 2695 488 2754 Sed
501 2692 569 2769 cuja
580 2698 667 2754 miser
678 2697 791 2759 laciniis
802 2699 927 2773 patrarit
938 2699 1047 2756 manu!

342 2774 465 2835 TECM·
487 2775 546 2833 Sua
557 2777 629 2850 ipse,
642 2784 677 2833 ut
688 2776 790 2853 liquet.
821 2778 930 2855 Arguit
942 2795 1010 2835 eum
1023 2777 1070 2835 hio
1082 2777 1159 2836 illius
1170 2780 1248 2837 ensis
1259 2786 1348 2841 term

303 2855 377 2914 infix
411 2854 466 2922 ,in
478 2872 567 2932 quem
579 2853 744 2929 procubuit.

215 2930 290 3000 ⁴910
343 2935 367 2991 C
403 2978 409 2993 .
429 2933 517 2992 Eheu
535 2951 632 2991 meam
653 2934 865 2993 calamitatem!
888 2934 972 2993 Solus
991 2952 1063 3010 ergo
1085 2935 1149 2993 neci
1171 2935 1345 3005 occubuisti,

302 3014 390 3073 nullis
407 3017 504 3088 septus
524 3011 640 3070 amicis:
661 3031 718 3089 ego
730 3031 798 3070 rein
811 3013 897 3071 nimis
911 3031 997 3091 quam
1010 3013 1141 3080 stolidus,
1153 3015 1242 3073 nimis
1254 3033 1345 3107 quom

301 3094 380 3153 iners
399 3092 523 3168 neglexi.
564 3090 633 3157 Ubi,
647 3091 698 3150 ubi
712 3089 1000 3165 jacet-intractabilis
1018 3092 1077 3160 ille,
1089 3093 1140 3151 ille
1158 3092 1347 3153 inumnno·

301 3172 389 3233 minis
401 3166 496 3243 Ajax?
1316 3234 1320 3241 .

215 3258 285 3319 Ι915
339 3244 463 3309 TECM.
483 3249 619 3324 Spectans
638 3266 699 3308 non
718 3248 802 3306 sinos
823 3250 873 3308 sed
893 3250 978 3308 illum
995 3245 1183 3323 circumjecta
1197 3248 1345 3313 haerente

300 3337 399 3409 tegam
417 3328 555 3405 undique.
595 3329 712 3403 Quippe
725 3346 822 3395 nemo,
835 3330 945 3387 armetis
957 3329 1008 3407 qui
1019 3330 1069 3407 sit,
1080 3328 1190 3387 intueri
1200 3330 1346 3395 etutineat

301 3409 419 3469 naribus
437 3407 587 3466 efflantem
601 3413 699 3465 strum
712 3408 895 3483 sanguinem,
909 3414 939 3467 ct
952 3426 990 3465 ex
1000 3414 1123 3481 cruento
1133 3408 1254 3467 vulnere
1265 3409 1345 3489 quod

223 3494 286 3553 920
299 3489 355 3547 sibi
367 3488 472 3547 inflixit
484 3487 555 3560 ipse.
594 3484 654 3544 Hei
666 3483 754 3543 mihi!
777 3486 847 3564 quid
859 3487 964 3545 faciam
975 3487 986 3542 l
1008 3488 1072 3564 quis
1084 3494 1113 3544 te
1132 3487 1217 3545 tollet
1233 3488 1344 3549 amico·

299 3567 386 3626 rum?
406 3566 459 3625 ubi
476 3564 592 3623 Teucer
609 3565 675 3623 ost?
704 3565 808 3627 Quam
827 3565 985 3633 adveniret,
1002 3567 1027 3623 si
1046 3565 1163 3643 quidem
1182 3562 1344 3636 adveniat,

298 3646 435 3721 tempori,
448 3645 609 3721 utlapsnm
621 3645 798 3703 huncsuum
815 3644 938 3703 fratrem
957 3645 1045 3703 simul
1063 3642 1273 3721 componeret!
1315 3648 1344 3705 0
1381 3650 1385 3657 '

287 3725 399 3783 infelix
418 3719 504 3795 ajax,
524 3731 652 3802 quantus
670 3724 724 3791 vir,
747 3742 836 3798 quam
857 3725 962 3783 mucre
982 3730 1014 3780 te
1031 3723 1129 3792 habes,
1151 3730 1187 3782 ut
1209 3724 1343 3795 hostibus

298 3803 388 3861 etiam
399 3802 539 3877 lwrymas
550 3812 686 3860 excutere
698 3801 806 3878 possis!
1106 3802 1115 3823 ‘

223 3886 283 3943 925
339 3880 407 3940 cH.
424 3881 597 3939 Destinabas
618 3899 691 3958 crgo
709 3882 813 3939 infelix
831 3878 1031 3958 propositique
1050 3879 1194 3957 pertinax,
1217 3880 1342 3963 defringi
1380 3932 1383 3937 .

224 3960 371 4024 suo-olim
382 3960 444 4019 fato
455 3959 590 4041 improbo
601 3960 828 4018 indesinentium
841 3960 1049 4034 calamitatum.
1088 3960 1173 4017 Tales
1188 3960 1264 4019 mihi

298 4047 401 4099 noxet
412 4037 528 4115 perdius
539 4038 645 4097 immiti
663 4044 778 4114 pectore
799 4038 919 4097 tollebas
938 4039 1075 4115 gemitus,
1088 4038 1193 4097 infesta
1212 4040 1246 4099 fu

297 4117 406 4177 Atridis
419 4116 506 4175 verba
517 4117 582 4175 diro
594 4135 661 4175 cum
674 4116 788 4176 affectu.
826 4116 971 4193 Magnum
984 4135 1052 4175 sane
1065 4116 1138 4175 illud
1150 4117 1272 4189 initium
1283 4116 1341 4179 fult

221 4204 282 4263 935
297 4209 412 4274 tempus
432 4196 588 4266 malorum,
608 4197 725 4276 quaudo
743 4197 781 4259 de
799 4196 921 4259 Achillis
943 4196 1032 4267 armis
1053 4206 1202 4257 certarnen
1223 4198 1342 4261 virtutis

294 4277 353 4340 fuit
363 4275 555 4359 prepositura.
640 4321 645 4327 ·
