2776 4882
281 273 346 345 2‘28
637 260 975 330 PHILOCTETES.
1012 250 1017 257 ⁶

208 443 267 498 665
283 437 431 512 adspicere
451 439 529 495 solus
549 437 620 495 mihi
641 435 754 503 dedisti,
767 440 817 515 qni
830 444 939 497 terram
951 435 1080 497 OEtaeam
1091 437 1200 507 videre,
1214 438 1265 516 qui
1278 457 1334 515 pa·

283 525 362 575 trem
374 533 484 583 senem,
488 516 548 610 qui
560 517 676 578 amicos,
691 512 1117 595 quiinimicommsubjectum
1137 518 1259 592 pedibus
1279 535 1332 579 me

284 595 464 671 superiorem
487 597 521 651 iis
544 593 706 653 reddidisti..
749 595 891 667 Confide3
920 595 1020 655 licebit
1044 596 1099 653 tibi
1123 598 1201 655 hunc
1225 613 1333 659 arcum

285 674 420 741 tractare,
433 683 463 733 et
476 674 558 731 danti
571 664 701 740 reddere,
715 672 744 732 et
757 676 886 751 gloriari,
900 674 978 753 quod
989 675 1068 733 solus
1087 675 1298 746 mortalium
1271 694 1334 735 vtr-

210 756 270 817 670
286 754 357 811 tutis
379 770 451 846 ergq
472 753 556 811 illum
578 757 782 811 attrectaveris.
821 754 971 811 Beneficio
993 756 1072 828 enim
1091 772 1159 815 meo
1177 754 1239 830 ipse
1257 772 1332 819 eum
1366 805 1369 809 .

285 833 468 924 comparavit
491 830 613 907 proinde
634 832 712 889 haud
732 834 804 895 mihi
825 851 914 910 grave
936 841 990 900 est,
1012 835 1139 891 amicum
1164 840 1195 889 te
1217 850 1334 899 meum.-

286 911 400 968 illum'
392 913 533 1003 inspicere
552 920 582 966 et
602 918 791 970 contrectare
832 912 893 975 Qui
905 913 985 970 enim
997 911 1182 969 beneficiis
1156 929 1250 971 vicem
1262 912 1332 977 rod·

256 990 356 1048 dere
369 990 459 1056 novit,
473 989 620 1067 quibusvis
633 989 736 1065 opibus
748 990 932 1067 praestantior
944 992 1052 1051 amicus
1064 991 1162 1051 ιιιιιιιι.

326 1066 472 1127 NEOl’l'.
492 1067 666 1145 Ingredere.

211 1148 270 1210 675
326 1146 434 1207 PHIL.
454 1148 495 1207 Et
513 1154 544 1204 te
563 1146 755 1213 introducam.
795 1147 845 1205 Vis
858 1149 936 1241 enim
949 1147 1043 1207 morbi
1055 1143 1221 1221 adjutorem
1233 1153 1265 1207 te
1278 1111 1335 1224 po-

286 1226 387 1284 stulat.

328 1298 394 1363 CH.
413 1304 515 1363 Fando
527 1305 645 1382 quidem
665 1304 772 1371 audivi,
784 1294 864 1363 haud
875 1305 933 1363 vidi
950 1316 1059 1373 tamen,
1073 1306 1199 1364 utrovis
1211 1305 1336 1373 insidia·

288 1391 353 1442 tum
366 1385 499 1443 thalamis
512 1384 645 1441 Ixionem
658 1385 766 1458 ceperit
778 1384 858 1451 olim,
868 1391 899 1441 et
908 1393 980 1442 rotae
993 1384 1179 1443 adstrinxerit
1191 1385 1335 1453 volventi,

170 1525 174 1532 ,
214 1468 274 1521 680
289 1465 474 1538 omnipotens
487 1463 606 1521 Saturni
619 1463 712 1519 iilius:
734 1463 825 1520 alium
837 1480 906 1520 vero
918 1466 1066 1522 neminem
1083 1464 1191 1531 audivi,
1203 1481 1258 1529 nec
1269 1462 1348 1525 vidi'

288 1543 491 1609 mortalium,
482 1544 532 1619 qui
551 1542 583 1599 in
604 1541 715 1599 tristius
734 1541 828 1599 fatum
846 1542 989 1609 inciderit,
1005 1561 1091 1620 quarn
1113 1544 1168 1610 hic,
1183 1543 1234 1632 qui
1253 1541 1335 1602 nihil

214 1624 273 1678 685
288 1622 425 1699 cuiquam
440 1620 604 1687 malefecit,
620 1637 673 1677 nec
687 1638 861 1696 quemquam
879 1639 933 1679 suo
950 1622 1104 1688 fraudavit,
1116 1623 1167 1680 sed
1187 1618 1335 1693 justitiam

289 1701 386 1759 colens
399 1719 467 1758 cum
476 1696 564 1772 justis
575 1716 709 1773 semper,
714 1706 775 1757 tam
787 1699 915 1776 indignis
927 1701 1013 1776 periit
1026 1701 1128 1759 modis.
1158 1701 1225 1759 Hoc
1237 1700 1337 1763 demi«

290 1784 350 1845 ror,
365 1797 423 1856 quo
436 1789 521 1854 pacto
536 1777 666 1844 tandem,
680 1796 738 1856 quo
757 1787 852 1852 pacto,
872 1780 1014 1837 fluctuum
1033 1778 1162 1871 undique
1181 1779 1338 1843 albestum

216 1860 276 1917 690
289 1859 417 1916 sonitum
430 1857 560 1920 audiens,
574 1858 616 1913 ita
627 1856 704 1917 solus
717 1858 905 1932 lacrymosam
917 1859 1011 1934 egerit
1024 1859 1123 1926 vitam,
1137 1859 1187 1916 ubi
1205 1859 1335 1932 ipsemet

290 1937 346 1995 sibi
357 1943 421 1994 erat
433 1937 539 2003 accola,
553 1936 715 2013 lapsantem
729 1936 775 1993 v'ix
795 1953 967 2010 promovens
986 1937 1121 2012 gradum,
1136 1955 1236 2014 neque.
1250 1936 1336 2001 incn-

290 2017 351 2073 lam
362 2016 418 2073 loci
430 2015 536 2087 ullum,
548 2015 701 2077 infortunii
713 2016 760 2071 sui
772 2015 888 2072 affinem
907 2016 1025 2081 habens,
1039 2017 1088 2092 qui
1107 2018 1233 2093 gemitus
1252 2016 1342 2083 ¹enci·¹

216 2098 275 2157 695
292 2101 374 2171 peret
394 2094 570 2167 deplorantis
589 2111 695 2169 graves
710 2093 804 2150 edacis
826 2094 979 2170 sanguinei
1000 2096 1104 2151 ulceris
1123 2095 1255 2152 dolorest
1276 2110 1336 2159 nee

292 2193 343 2250 qm
335 2173 498 2231 fervidum
510 2173 687 2248 sanguinem
696 2191 732 2231 ex
745 2172 888 2231 ulceribus
901 2175 961 2230 laesi
972 2181 1116 2230 venenato
1132 2191 1232 2231 morsu
1250 2172 1336 2248 pedis

292 2259 451 2309 scatentem
465 2252 576 2309 lenibus
590 2251 686 2309 herbis
700 2252 824 2319 sisteret,
837 2253 978 2345 siquibus
998 2252 1074 2308 forte
1092 2252 1248 2317 incidisset,
1261 2269 1344 2328 quae.

142 2337 147 2347 '
217 2336 277 2400 700
293 2350 330 2390 ex
349 2332 429 2389 'terra
447 2330 548 2388 altrice
566 2339 707 2405 carperet.
747 2332 826 2387 Alias
846 2333 925 2388 enim
946 2332 1004 2387 alio
1025 2349 1056 2387 se
1073 2326 1198 2394 confert,
1216 2330 1345 2407 quando,

293 2410 418 2469 remittit
429 2409 491 2469 fera
502 2410 564 2466 lues
575 2409 680 2476 morbi,
693 2427 807 2483 repens,
820 2410 901 2467 velut
913 2410 1007 2466 inians
1020 2427 1107 2486 quem
1119 2427 1187 2467 cara
1199 2409 1337 2467 destituit

216 2493 276 2555 705
293 2489 404 2560 nutrix,
418 2494 475 2566 quo
495 2472 572 2545 lacili
590 2488 747 2563 perveniat
759 2490 820 2545 via:
843 2507 904 2545 non
923 2489 1009 2546 almas
1028 2488 1140 2545 telluris
1158 2489 1259 2565 irriges
1278 2505 1336 2564 pro

292 2509 437 2626 alimento
454 2569 579 2643 capiens,
600 2584 654 2623 nec
672 2567 751 2624 aliud
790 2567 928 2644 nidquam
947 2585 1049 2625 eorum
1069 2567 1174 2643 quibus
1190 2568 1338 2633 vescimur

217 2653 278 2714 710
293 2647 426 2703 homines
441 2645 585 2710 industrii,
600 2645 656 2702 nisi
667 2645 712 2722 siq
790 2663 808 2702 ο
821 2658 901 2703 certo
913 2646 1029 2703 directis
1041 2663 1111 2703 arcu
1123 2646 1207 2715 alatis
1219 2645 1337 2722 sagittis

160 2732 166 2742 “
293 2725 389 2782 ventri
401 2724 498 2782 cibum
511 2722 636 2816 expedit.
657 2723 837 2782 Oinfelidem
850 2725 995 2783 animam!
1008 2743 1105 2802 quem
1118 2733 1182 2784 toto
1192 2725 1338 2783 decennio

217 2810 277 2872 715
295 2820 356 2861 non
368 2803 553 2861 delectavit
528 2804 588 2860 vmi
600 2809 696 2878 potus,
709 2803 759 2860 sed
771 2811 957 2880 stagnantem
968 2822 1084 2880 aquam,
1094 2804 1119 2863 si
1129 2822 1216 2881 quam
1228 2803 1341 2863 alicubi

246 2921 248 2925 <
294 2890 400 2946 nosset,
421 2890 563 2959 spectans,
578 2881 614 2939 ad
634 2899 699 2938 eam
718 2900 833 2960 semper
852 2901 883 2940 se
903 2882 1084 2942 admovebat.
1123 2883 1212 2942 Nunc
1234 2890 1340 2943 autern

178 3011 181 3020 .
218 2965 280 3028 720
294 2954 454 3020 fortium
428 2979 559 3019 urorum
578 2968 680 3019 nactus
699 2961 804 3029 filiurn,
817 2962 968 3019 feliciter‘
961 2979 992 3019 m
1012 2968 1162 3037 posterum
1180 2967 1260 3038 aget,
1273 2979 1341 3023 me·

294 3038 427 3118 'gunsque
447 3058 483 3097 ex
502 3040 558 3098 illis
578 3041 660 3098 malis
679 3041 797 3113 evadet,
819 3041 870 3118 qui
888 3041 973 3099 illum
992 3040 1167 3118 pontigrada
1179 3057 1252 3108 nave
1269 3048 1341 3117 post

219 3123 278 3186 725
295 3119 402 3178 multos
415 3137 528 3177 menses
540 3120 657 3177 revehet
669 3119 707 3177 ad
718 3121 842 3196 patriam
862 3119 984 3177 domum
1003 3119 1166 3177 Meliadum
1184 3118 1343 3197 Nymph-

294 3217 373 3265 rum,
394 3199 587 3276 Spercheique
606 3198 644 3255 ad
662 3200 748 3275 ripas,
768 3199 857 3259 ubi
832 3208 875 3257 vir
894 3199 1046 3256 bellicosus
1064 3199 1199 3259 Deorum
1217 3199 1344 3265 aucun

292 3279 394 3340 stetui,
407 3295 489 3335 sacro
502 3279 571 3353 igne
583 3277 750 3369 combustus
762 3278 882 3336 summis
894 3278 927 3335 in
940 3273 1043 3335 OEtae'
1029 3278 1121 3354 jugis.

220 3360 314 3422 730
335 3355 479 3417 Nudus.
500 3355 633 3418 Ριοιιι,Ι
611 3375 636 3412 ιι
648 3375 705 3413 ιιι
728 3357 797 3435 quid
816 3357 934 3416 taudem
953 3357 996 3415 ita
1015 3356 1145 3421 nubsde
1159 3355 1348 3426 amasis,-

295 3442 325 3493 et
337 3436 378 3493 sic
390 3436 534 3493 attonitus
544 3435 662 3510 stupes?

290 3513 443 3573 PHIL.
462 3515 519 3589 Ab,
532 3515 580 3579 ah,
593 3514 641 3580 ah,
655 3513 710 3571 ab!

335 3591 480 3651 NEOPT
502 3593 656 3655 Quidest?
867 3631 870 3635 -
902 3614 905 3623 ¹

335 3671 443 3730 PlllL.
463 3671 547 3729 Nihil
558 3689 655 3749 grave.
694 3669 862 3764 Sedperge‚
876 3669 960 3728 ofili

335 3748 482 3808 NEOPT.
502 3750 585 3809 Num
598 3759 628 3807 tc
641 3749 746 3810 dolor
737 3751 853 3806 1ncessit
865 3769 903 3807 ex
915 3750 1053 3824 prasenti
1065 3747 1189 3808 morbo?

221 3831 280 3895 735
335 3826 444 3886 PHlL.
465 3829 554 3886 Haud
566 3847 651 3886 sane
673 3824 746 3887 sed
736 3847 807 3902 Jam,
820 3836 854 3885 ut
866 3829 990 3895 videtur
1003 3829 1138 3889 remittit.
1176 3823 1291 3886 0Diit

336 3906 481 3965 Nouus.
501 3900 579 3969 Quid
592 3909 633 3964 ita
645 3922 765 3984 gemens
779 3907 857 3964 Deos
869 3909 1059 3964 invocas?
1354 3950 1357 3955 ,

336 3985 445 4043 PHlL.
460 3987 502 4045 Ut
514 3994 672 4044 servatores
683 3987 858 4062 propitiique
869 3985 1087 4045 nobisveniant.
1104 3984 1163 4052 Ah,
1170 3983 1219 4057 ab,
1226 3984 1277 4053 ah,
1284 3982 1341 4045 ¹alt!

221 4068 282 4130 740
336 4063 483 4131 ΝΕΟΡΓ
501 4064 580 4125 Quid
592 4064 696 4122 accidit
708 4065 780 4122 tibi?
802 4082 862 4122 non
875 4064 967 4124 dices?
981 4063 1074 4123 sed
1051 4082 1093 4124 stc
1105 4064 1212 4152 tacitus
1223 4063 1340 4123 silebis?

264 4138 412 4201 Videris
425 4144 550 4201 enimin
563 4144 640 4200 malo
653 4147 791 4220 quopiam
801 4161 872 4212 esse.
969 4184 972 4191 ·

335 4220 443 4279 PHIL.
463 4222 599 4298 Disperii,
621 4222 640 4278 ὸ
662 4221 715 4289 fili,
738 4239 793 4279 nec
813 4222 891 4298 potis
910 4237 963 4279 ero
983 4223 1093 4291 malum
1114 4198 1171 4289 hoe
1190 4237 1230 4296 ιιΡ
1229 4219 1271 4281 ud
1290 4234 1355 4289 tm·

220 4304 280 4369 745
295 4301 399 4371 celare
427 4300 545 4363 attatei
567 4307 709 4383 penetrat
722 4306 869 4383 penetrat.
899 4300 1016 4377 Ιιιιιιιι,
1028 4237 1234 4378 onnam!
1268 4288 1339 4369 on-
