<?xml version="1.0" encoding="UTF-8"?>
<!DOCTYPE html PUBLIC "-//W3C//DTD XHTML 1.0 Transitional//EN"
    "http://www.w3.org/TR/xhtml1/DTD/xhtml1-transitional.dtd">
<html xmlns="http://www.w3.org/1999/xhtml" xml:lang="en" lang="en">
 <head>
  <title>
</title>
<meta http-equiv="Content-Type" content="text/html;charset=utf-8" />
  <meta name='ocr-system' content='tesseract 3.04.00' />
  <meta name='ocr-capabilities' content='ocr_page ocr_carea ocr_par ocr_line ocrx_word'/>
</head>
<body>
  <div class='ocr_page' id='page_1' title='image "./sophoclistragdi04brungoog_0169.png"; bbox 0 0 2776 4882; ppageno 0'>
   <div class='ocr_carea' id='block_1_1' title="bbox 112 2314 1339 2408">
    <p class='ocr_par' dir='ltr' id='par_1_1' title="bbox 112 2314 1339 2408">
     <span class='ocr_line' id='line_1_1' title="bbox 112 2314 1339 2408; baseline -0.002 -15"><span class='ocrx_word' id='word_1_1' title='bbox 112 2314 115 2321; x_wconf 41' lang='lat'><em>¹</em></span> <span class='ocrx_word' id='word_1_2' title='bbox 237 2334 299 2405; x_wconf 56' lang='grc' dir='ltr'>ἴδε</span> <span class='ocrx_word' id='word_1_3' title='bbox 356 2320 473 2392; x_wconf 75' lang='lat' dir='ltr'>HAEM.</span> <span class='ocrx_word' id='word_1_4' title='bbox 494 2335 596 2393; x_wconf 78' lang='lat' dir='ltr'>Viden·</span> <span class='ocrx_word' id='word_1_5' title='bbox 610 2343 644 2393; x_wconf 89' lang='lat' dir='ltr'>ut</span> <span class='ocrx_word' id='word_1_6' title='bbox 657 2339 742 2394; x_wconf 83' lang='lat' dir='ltr'>nimie</span> <span class='ocrx_word' id='word_1_7' title='bbox 752 2332 889 2408; x_wconf 72' lang='lat' dir='ltr'>juvenilis</span> <span class='ocrx_word' id='word_1_8' title='bbox 901 2336 955 2393; x_wconf 86' lang='lat' dir='ltr'>iste</span> <span class='ocrx_word' id='word_1_9' title='bbox 968 2340 1036 2391; x_wconf 90' lang='lat' dir='ltr'>tuus</span> <span class='ocrx_word' id='word_1_10' title='bbox 1047 2339 1093 2391; x_wconf 81' lang='lat' dir='ltr'>est</span> <span class='ocrx_word' id='word_1_11' title='bbox 1104 2324 1223 2393; x_wconf 81' lang='lat' dir='ltr'>cermol</span> <span class='ocrx_word' id='word_1_12' title='bbox 1336 2344 1339 2349; x_wconf 84' lang='lat'>&#39;</span> 
     </span>
    </p>
   </div>
   <div class='ocr_carea' id='block_1_2' title="bbox 312 256 972 333">
    <p class='ocr_par' dir='ltr' id='par_1_2' title="bbox 312 256 972 333">
     <span class='ocr_line' id='line_1_2' title="bbox 312 256 972 333; baseline -0.003 0"><span class='ocrx_word' id='word_1_13' title='bbox 312 256 379 333; x_wconf 78' lang='lat' dir='ltr'>tto</span> <span class='ocrx_word' id='word_1_14' title='bbox 705 257 972 333; x_wconf 74' lang='lat' dir='ltr'>annuunt.</span> 
     </span>
    </p>
   </div>
   <div class='ocr_carea' id='block_1_3' title="bbox 193 433 1372 2335">
    <p class='ocr_par' dir='ltr' id='par_1_3' title="bbox 234 433 1362 743">
     <span class='ocr_line' id='line_1_3' title="bbox 234 433 1362 605; baseline 0.004 -27"><span class='ocrx_word' id='word_1_15' title='bbox 234 518 298 587; x_wconf 78' lang='lat' dir='ltr'>mo</span> <span class='ocrx_word' id='word_1_16' title='bbox 311 433 1160 595; x_wconf 47' lang='lat' dir='ltr'>ffgffifflffifflvffiffssf’ssssiffissffffi</span> <span class='ocrx_word' id='word_1_17' title='bbox 1179 434 1362 605; x_wconf 52' lang='lat' dir='ltr'>Q&#39;s:</span> 
     </span>
     <span class='ocr_line' id='line_1_4' title="bbox 313 594 1357 675; baseline 0.008 -22"><span class='ocrx_word' id='word_1_18' title='bbox 313 600 418 666; x_wconf 78' lang='lat' dir='ltr'>cirum,</span> <span class='ocrx_word' id='word_1_19' title='bbox 431 600 561 675; x_wconf 87' lang='lat' dir='ltr'>quamvis</span> <span class='ocrx_word' id='word_1_20' title='bbox 579 597 629 656; x_wconf 89' lang='lat' dir='ltr'>ille</span> <span class='ocrx_word' id='word_1_21' title='bbox 647 597 685 653; x_wconf 87' lang='lat' dir='ltr'>sit</span> <span class='ocrx_word' id='word_1_22' title='bbox 707 598 831 673; x_wconf 87' lang='lat' dir='ltr'>sapiens,</span> <span class='ocrx_word' id='word_1_23' title='bbox 853 598 962 655; x_wconf 86' lang='lat' dir='ltr'>discere</span> <span class='ocrx_word' id='word_1_24' title='bbox 979 596 1085 657; x_wconf 83' lang='lat' dir='ltr'>multa.</span> <span class='ocrx_word' id='word_1_25' title='bbox 1184 594 1357 663; x_wconf 78' lang='lat' dir='ltr'>indecormit</span> 
     </span>
     <span class='ocr_line' id='line_1_5' title="bbox 313 674 1358 743; baseline 0.007 -9"><span class='ocrx_word' id='word_1_26' title='bbox 313 683 368 743; x_wconf 87' lang='lat' dir='ltr'>est,</span> <span class='ocrx_word' id='word_1_27' title='bbox 381 686 412 735; x_wconf 85' lang='lat' dir='ltr'>ct</span> <span class='ocrx_word' id='word_1_28' title='bbox 425 694 486 735; x_wconf 87' lang='lat' dir='ltr'>non</span> <span class='ocrx_word' id='word_1_29' title='bbox 507 678 594 735; x_wconf 81' lang='lat' dir='ltr'>nimis</span> <span class='ocrx_word' id='word_1_30' title='bbox 614 681 719 733; x_wconf 90' lang='lat' dir='ltr'>contra</span> <span class='ocrx_word' id='word_1_31' title='bbox 740 676 869 736; x_wconf 89' lang='lat' dir='ltr'>tendere.</span> <span class='ocrx_word' id='word_1_32' title='bbox 908 675 998 734; x_wconf 85' lang='lat' dir='ltr'>Vides</span> <span class='ocrx_word' id='word_1_33' title='bbox 1015 676 1145 737; x_wconf 80' lang='lat' dir='ltr'>bibernis</span> <span class='ocrx_word' id='word_1_34' title='bbox 1155 674 1302 739; x_wconf 73' lang='lat' dir='ltr'>imbribus</span> <span class='ocrx_word' id='word_1_35' title='bbox 1312 688 1358 741; x_wconf 77' lang='lat' dir='ltr'>lu·</span> 
     </span>
    </p>

    <p class='ocr_par' dir='ltr' id='par_1_4' title="bbox 205 754 1358 835">
     <span class='ocr_line' id='line_1_6' title="bbox 205 754 1358 835; baseline 0.003 -22"><span class='ocrx_word' id='word_1_36' title='bbox 205 794 209 799; x_wconf 92' lang='lat'><em>-</em></span> <span class='ocrx_word' id='word_1_37' title='bbox 313 754 394 815; x_wconf 83' lang='lat' dir='ltr'>mida</span> <span class='ocrx_word' id='word_1_38' title='bbox 405 756 443 814; x_wconf 86' lang='lat' dir='ltr'>ad</span> <span class='ocrx_word' id='word_1_39' title='bbox 454 756 566 815; x_wconf 87' lang='lat' dir='ltr'>fluenta</span> <span class='ocrx_word' id='word_1_40' title='bbox 576 761 720 835; x_wconf 75' lang='lat' dir='ltr'>quotquot</span> <span class='ocrx_word' id='word_1_41' title='bbox 734 754 844 813; x_wconf 87' lang='lat' dir='ltr'>cedunt</span> <span class='ocrx_word' id='word_1_42' title='bbox 864 754 993 822; x_wconf 59' lang='lat' dir='ltr'>arborem</span> <span class='ocrx_word' id='word_1_43' title='bbox 1010 763 1047 813; x_wconf 90' lang='lat' dir='ltr'>ut</span> <span class='ocrx_word' id='word_1_44' title='bbox 1064 764 1182 817; x_wconf 79' lang='lat' dir='ltr'>servant</span> <span class='ocrx_word' id='word_1_45' title='bbox 1192 774 1293 819; x_wconf 75' lang='lat' dir='ltr'>mmon</span> <span class='ocrx_word' id='word_1_46' title='bbox 1298 784 1309 833; x_wconf 81' lang='lat' dir='ltr'>l</span> <span class='ocrx_word' id='word_1_47' title='bbox 1328 754 1358 819; x_wconf 74' lang='lat' dir='ltr'>&#39;st</span> 
     </span>
    </p>

    <p class='ocr_par' dir='ltr' id='par_1_5' title="bbox 236 834 1356 1153">
     <span class='ocr_line' id='line_1_7' title="bbox 236 834 1356 917; baseline 0.003 -23"><span class='ocrx_word' id='word_1_48' title='bbox 236 838 297 907; x_wconf 72' lang='lat'>715</span> <span class='ocrx_word' id='word_1_49' title='bbox 312 835 444 911; x_wconf 71' lang='lat' dir='ltr'>stirpitus</span> <span class='ocrx_word' id='word_1_50' title='bbox 456 836 617 901; x_wconf 87' lang='lat' dir='ltr'>intereunt,</span> <span class='ocrx_word' id='word_1_51' title='bbox 630 850 813 911; x_wconf 69' lang='lat' dir='ltr'>quecunque</span> <span class='ocrx_word' id='word_1_52' title='bbox 825 834 1015 893; x_wconf 77' lang='lat' dir='ltr'>obnituntur:</span> <span class='ocrx_word' id='word_1_53' title='bbox 1036 835 1170 896; x_wconf 64' lang='lat' dir='ltr'>emititur</span> <span class='ocrx_word' id='word_1_54' title='bbox 1179 854 1300 917; x_wconf 78' lang='lat' dir='ltr'>quoquo</span> <span class='ocrx_word' id='word_1_55' title='bbox 1308 848 1356 901; x_wconf 75' lang='lat' dir='ltr'>mi·</span> 
     </span>
     <span class='ocr_line' id='line_1_8' title="bbox 312 912 1356 991; baseline 0.005 -20"><span class='ocrx_word' id='word_1_56' title='bbox 312 915 356 971; x_wconf 85' lang='lat' dir='ltr'>vis</span> <span class='ocrx_word' id='word_1_57' title='bbox 367 915 560 991; x_wconf 84' lang='lat' dir='ltr'>gubernator,</span> <span class='ocrx_word' id='word_1_58' title='bbox 573 917 598 972; x_wconf 88' lang='lat' dir='ltr'>si</span> <span class='ocrx_word' id='word_1_59' title='bbox 610 912 772 971; x_wconf 82' lang='lat' dir='ltr'>adductum</span> <span class='ocrx_word' id='word_1_60' title='bbox 784 912 888 988; x_wconf 83' lang='lat' dir='ltr'>pedem</span> <span class='ocrx_word' id='word_1_61' title='bbox 900 913 997 973; x_wconf 73' lang='lat' dir='ltr'>laxam</span> <span class='ocrx_word' id='word_1_62' title='bbox 1013 913 1166 991; x_wconf 66' lang='lat' dir='ltr'>prauam</span> <span class='ocrx_word' id='word_1_63' title='bbox 1183 916 1297 985; x_wconf 70' lang='lat' dir='ltr'>muttit,</span> <span class='ocrx_word' id='word_1_64' title='bbox 1313 934 1356 977; x_wconf 79' lang='lat' dir='ltr'>tu·</span> 
     </span>
     <span class='ocr_line' id='line_1_9' title="bbox 313 991 1354 1075; baseline 0.003 -25"><span class='ocrx_word' id='word_1_65' title='bbox 313 993 400 1069; x_wconf 88' lang='lat' dir='ltr'>pinis,</span> <span class='ocrx_word' id='word_1_66' title='bbox 413 1010 511 1052; x_wconf 83' lang='lat' dir='ltr'>eversa</span> <span class='ocrx_word' id='word_1_67' title='bbox 522 1000 595 1059; x_wconf 89' lang='lat' dir='ltr'>rate,</span> <span class='ocrx_word' id='word_1_68' title='bbox 608 991 641 1051; x_wconf 90' lang='lat' dir='ltr'>iu</span> <span class='ocrx_word' id='word_1_69' title='bbox 659 997 810 1067; x_wconf 83' lang='lat' dir='ltr'>posterum</span> <span class='ocrx_word' id='word_1_70' title='bbox 826 992 944 1069; x_wconf 71' lang='lat' dir='ltr'>navigat</span> <span class='ocrx_word' id='word_1_71' title='bbox 956 991 1071 1052; x_wconf 77' lang='lat' dir='ltr'>abdis.</span> <span class='ocrx_word' id='word_1_72' title='bbox 1097 991 1222 1053; x_wconf 81' lang='lat' dir='ltr'>&#39;chm</span> <span class='ocrx_word' id='word_1_73' title='bbox 1233 1012 1301 1075; x_wconf 68' lang='lat' dir='ltr'>nge,</span> <span class='ocrx_word' id='word_1_74' title='bbox 1312 1004 1354 1055; x_wconf 71' lang='grc' dir='ltr'>ια’·</span> 
     </span>
     <span class='ocr_line' id='line_1_10' title="bbox 312 1066 1353 1153; baseline 0.005 -25"><span class='ocrx_word' id='word_1_75' title='bbox 312 1072 399 1129; x_wconf 83' lang='lat' dir='ltr'>mitte</span> <span class='ocrx_word' id='word_1_76' title='bbox 408 1073 492 1139; x_wconf 82' lang='lat' dir='ltr'>imm,</span> <span class='ocrx_word' id='word_1_77' title='bbox 505 1079 536 1130; x_wconf 91' lang='lat' dir='ltr'>et</span> <span class='ocrx_word' id='word_1_78' title='bbox 548 1071 729 1149; x_wconf 82' lang='lat' dir='ltr'>poeniteutioe</span> <span class='ocrx_word' id='word_1_79' title='bbox 740 1067 779 1126; x_wconf 89' lang='lat' dir='ltr'>da</span> <span class='ocrx_word' id='word_1_80' title='bbox 790 1070 897 1130; x_wconf 89' lang='lat' dir='ltr'>locum.</span> <span class='ocrx_word' id='word_1_81' title='bbox 936 1070 1086 1129; x_wconf 72' lang='lat' dir='ltr'>iudicium</span> <span class='ocrx_word' id='word_1_82' title='bbox 1103 1072 1185 1131; x_wconf 82' lang='lat' dir='ltr'>enim</span> <span class='ocrx_word' id='word_1_83' title='bbox 1200 1074 1228 1131; x_wconf 87' lang='lat' dir='ltr'>si</span> <span class='ocrx_word' id='word_1_84' title='bbox 1239 1066 1353 1153; x_wconf 72' lang='lat' dir='ltr'>quodot</span> 
     </span>
    </p>

    <p class='ocr_par' dir='ltr' id='par_1_6' title="bbox 236 1147 1355 1309">
     <span class='ocr_line' id='line_1_11' title="bbox 236 1147 1355 1229; baseline 0.002 -22"><span class='ocrx_word' id='word_1_85' title='bbox 236 1153 300 1221; x_wconf 70' lang='lat'>720</span> <span class='ocrx_word' id='word_1_86' title='bbox 313 1151 388 1208; x_wconf 76' lang='lat' dir='ltr'>milfi</span> <span class='ocrx_word' id='word_1_87' title='bbox 395 1147 510 1225; x_wconf 89' lang='lat' dir='ltr'>juniori</span> <span class='ocrx_word' id='word_1_88' title='bbox 526 1152 611 1219; x_wconf 88' lang='lat' dir='ltr'>inest,</span> <span class='ocrx_word' id='word_1_89' title='bbox 624 1149 690 1208; x_wconf 91' lang='lat' dir='ltr'>dico</span> <span class='ocrx_word' id='word_1_90' title='bbox 709 1148 844 1225; x_wconf 84' lang='lat' dir='ltr'>equidem</span> <span class='ocrx_word' id='word_1_91' title='bbox 863 1151 951 1227; x_wconf 87' lang='lat' dir='ltr'>longe</span> <span class='ocrx_word' id='word_1_92' title='bbox 971 1148 1117 1227; x_wconf 86' lang='lat' dir='ltr'>optimum</span> <span class='ocrx_word' id='word_1_93' title='bbox 1132 1168 1208 1219; x_wconf 73' lang='lat' dir='ltr'>eme,</span> <span class='ocrx_word' id='word_1_94' title='bbox 1219 1152 1246 1209; x_wconf 83' lang='lat' dir='ltr'>sl</span> <span class='ocrx_word' id='word_1_95' title='bbox 1257 1160 1355 1229; x_wconf 65' lang='grc' dir='ltr'>ηιμ·</span> 
     </span>
     <span class='ocr_line' id='line_1_12' title="bbox 313 1227 1350 1309; baseline 0.003 -23"><span class='ocrx_word' id='word_1_96' title='bbox 313 1228 412 1287; x_wconf 88' lang='lat' dir='ltr'>indole</span> <span class='ocrx_word' id='word_1_97' title='bbox 432 1231 477 1288; x_wconf 90' lang='lat' dir='ltr'>vir</span> <span class='ocrx_word' id='word_1_98' title='bbox 496 1227 695 1309; x_wconf 85' lang='lat' dir='ltr'>cujuscunque</span> <span class='ocrx_word' id='word_1_99' title='bbox 717 1227 761 1285; x_wconf 85' lang='lat' dir='ltr'>ret</span> <span class='ocrx_word' id='word_1_100' title='bbox 781 1229 901 1287; x_wconf 81' lang='lat' dir='ltr'>scientia</span> <span class='ocrx_word' id='word_1_101' title='bbox 921 1228 1072 1297; x_wconf 75' lang='lat' dir='ltr'>abundet:</span> <span class='ocrx_word' id='word_1_102' title='bbox 1090 1229 1138 1288; x_wconf 79' lang='lat' dir='ltr'>tin</span> <span class='ocrx_word' id='word_1_103' title='bbox 1157 1230 1268 1297; x_wconf 75' lang='lat' dir='ltr'>mium,</span> <span class='ocrx_word' id='word_1_104' title='bbox 1280 1230 1350 1309; x_wconf 72' lang='lat' dir='ltr'>imur!</span> 
     </span>
    </p>

    <p class='ocr_par' dir='ltr' id='par_1_7' title="bbox 313 1307 1387 1446">
     <span class='ocr_line' id='line_1_13' title="bbox 313 1307 1348 1445; baseline 0.004 -80"><span class='ocrx_word' id='word_1_105' title='bbox 313 1308 394 1445; x_wconf 50' lang='lat' dir='ltr'>effi</span> <span class='ocrx_word' id='word_1_106' title='bbox 406 1310 448 1367; x_wconf 87' lang='lat' dir='ltr'>ita</span> <span class='ocrx_word' id='word_1_107' title='bbox 459 1309 533 1367; x_wconf 89' lang='lat' dir='ltr'>solet</span> <span class='ocrx_word' id='word_1_108' title='bbox 551 1309 677 1376; x_wconf 87' lang='lat' dir='ltr'>evenire,</span> <span class='ocrx_word' id='word_1_109' title='bbox 693 1315 728 1367; x_wconf 87' lang='lat' dir='ltr'>et</span> <span class='ocrx_word' id='word_1_110' title='bbox 745 1322 765 1363; x_wconf 81' lang='lat' dir='ltr'>a</span> <span class='ocrx_word' id='word_1_111' title='bbox 785 1307 861 1367; x_wconf 88' lang='lat' dir='ltr'>bene</span> <span class='ocrx_word' id='word_1_112' title='bbox 881 1307 1099 1367; x_wconf 75' lang='lat' dir='ltr'>consulentibru</span> <span class='ocrx_word' id='word_1_113' title='bbox 1117 1308 1295 1387; x_wconf 68' lang='lat' dir='ltr'>prociarum</span> <span class='ocrx_word' id='word_1_114' title='bbox 1312 1316 1348 1369; x_wconf 79' lang='lat' dir='ltr'>cst</span> 
     </span>
     <span class='ocr_line' id='line_1_14' title="bbox 394 1404 1369 1446; baseline -0.002 -1"><span class='ocrx_word' id='word_1_115' title='bbox 394 1404 436 1446; x_wconf 89' lang='lat' dir='ltr'>re.</span> <span class='ocrx_word' id='word_1_116' title='bbox 984 1430 988 1443; x_wconf 94' lang='lat'>.</span> <span class='ocrx_word' id='word_1_117' title='bbox 1291 1420 1294 1425; x_wconf 94' lang='lat'>-</span> <span class='ocrx_word' id='word_1_118' title='bbox 1367 1438 1369 1443; x_wconf 91' lang='lat'><em>.</em></span> 
     </span>
    </p>

    <p class='ocr_par' dir='ltr' id='par_1_8' title="bbox 193 1462 1347 1547">
     <span class='ocr_line' id='line_1_15' title="bbox 193 1462 1347 1547; baseline 0.003 -23"><span class='ocrx_word' id='word_1_119' title='bbox 193 1474 197 1479; x_wconf 85' lang='lat'>&#39;</span> <span class='ocrx_word' id='word_1_120' title='bbox 352 1465 420 1525; x_wconf 82' lang='lat' dir='ltr'>cH.</span> <span class='ocrx_word' id='word_1_121' title='bbox 438 1464 515 1534; x_wconf 84' lang='lat' dir='ltr'>Rex,</span> <span class='ocrx_word' id='word_1_122' title='bbox 527 1468 553 1524; x_wconf 88' lang='lat' dir='ltr'>si</span> <span class='ocrx_word' id='word_1_123' title='bbox 564 1465 635 1544; x_wconf 89' lang='lat' dir='ltr'>quid</span> <span class='ocrx_word' id='word_1_124' title='bbox 646 1466 694 1524; x_wconf 81' lang='lat' dir='ltr'>liic</span> <span class='ocrx_word' id='word_1_125' title='bbox 704 1473 903 1547; x_wconf 76' lang='lat' dir='ltr'>opportunum</span> <span class='ocrx_word' id='word_1_126' title='bbox 914 1462 1347 1545; x_wconf 58' lang='lat' dir='ltr'>dicitmoquumcstteonimu!</span> 
     </span>
    </p>

    <p class='ocr_par' dir='ltr' id='par_1_9' title="bbox 237 1538 1347 1685">
     <span class='ocr_line' id='line_1_16' title="bbox 237 1538 1347 1625; baseline -0.005 -15"><span class='ocrx_word' id='word_1_127' title='bbox 237 1538 298 1615; x_wconf 66' lang='lat'>“725</span> <span class='ocrx_word' id='word_1_128' title='bbox 313 1545 463 1605; x_wconf 81' lang='lat' dir='ltr'>advertere</span> <span class='ocrx_word' id='word_1_129' title='bbox 469 1570 480 1619; x_wconf 77' lang='lat'>³</span> <span class='ocrx_word' id='word_1_130' title='bbox 501 1554 590 1624; x_wconf 88' lang='lat' dir='ltr'>teque</span> <span class='ocrx_word' id='word_1_131' title='bbox 600 1547 725 1606; x_wconf 81' lang='lat' dir='ltr'>vicissim</span> <span class='ocrx_word' id='word_1_132' title='bbox 742 1548 786 1606; x_wconf 90' lang='lat' dir='ltr'>illi</span> <span class='ocrx_word' id='word_1_133' title='bbox 803 1546 983 1609; x_wconf 76' lang='lat' dir='ltr'>arucultnrez</span> <span class='ocrx_word' id='word_1_134' title='bbox 1004 1550 1084 1603; x_wconf 83' lang='lat' dir='ltr'>recte</span> <span class='ocrx_word' id='word_1_135' title='bbox 1095 1544 1177 1605; x_wconf 85' lang='lat' dir='ltr'>enim</span> <span class='ocrx_word' id='word_1_136' title='bbox 1188 1544 1301 1625; x_wconf 78' lang='lat' dir='ltr'>dictum</span> <span class='ocrx_word' id='word_1_137' title='bbox 1311 1548 1347 1605; x_wconf 80' lang='lat' dir='ltr'>cst</span> 
     </span>
     <span class='ocr_line' id='line_1_17' title="bbox 309 1626 460 1685; baseline -0.026 0"><span class='ocrx_word' id='word_1_138' title='bbox 309 1626 395 1685; x_wconf 87' lang='lat' dir='ltr'>&#39;utrin</span> <span class='ocrx_word' id='word_1_139' title='bbox 414 1644 460 1683; x_wconf 87' lang='lat' dir='ltr'>ue.</span> 
     </span>
    </p>

    <p class='ocr_par' dir='ltr' id='par_1_10' title="bbox 311 1644 1346 1941">
     <span class='ocr_line' id='line_1_18' title="bbox 354 1644 1329 1781; baseline -0.002 -20"><span class='ocrx_word' id='word_1_140' title='bbox 354 1644 419 1762; x_wconf 57' lang='lat' dir='ltr'>(llll.</span> <span class='ocrx_word' id='word_1_141' title='bbox 438 1703 503 1761; x_wconf 85' lang='lat' dir='ltr'>Nos</span> <span class='ocrx_word' id='word_1_142' title='bbox 514 1720 588 1781; x_wconf 83' lang='lat' dir='ltr'>ergo</span> <span class='ocrx_word' id='word_1_143' title='bbox 599 1704 675 1763; x_wconf 84' lang='lat' dir='ltr'>istuc</span> <span class='ocrx_word' id='word_1_144' title='bbox 686 1706 780 1765; x_wconf 77' lang='lat' dir='ltr'>aetatis</span> <span class='ocrx_word' id='word_1_145' title='bbox 791 1720 892 1781; x_wconf 80' lang='lat' dir='ltr'>supere</span> <span class='ocrx_word' id='word_1_146' title='bbox 903 1701 1074 1763; x_wconf 82' lang='lat' dir='ltr'>docebimur</span> <span class='ocrx_word' id='word_1_147' title='bbox 1083 1700 1123 1769; x_wconf 73' lang='lat' dir='ltr'>ab</span> <span class='ocrx_word' id='word_1_148' title='bbox 1133 1700 1329 1777; x_wconf 73' lang='lat' dir='ltr'>addesoqnlsl</span> 
     </span>
     <span class='ocr_line' id='line_1_19' title="bbox 354 1778 1346 1867; baseline 0 -26"><span class='ocrx_word' id='word_1_149' title='bbox 354 1780 471 1841; x_wconf 79' lang='lat' dir='ltr'><strong>HAEM.</strong></span> <span class='ocrx_word' id='word_1_150' title='bbox 491 1782 576 1841; x_wconf 86' lang='lat' dir='ltr'>Nihil</span> <span class='ocrx_word' id='word_1_151' title='bbox 597 1783 715 1861; x_wconf 89' lang='lat' dir='ltr'>quidem</span> <span class='ocrx_word' id='word_1_152' title='bbox 735 1785 858 1843; x_wconf 78' lang='lat' dir='ltr'>doceare</span> <span class='ocrx_word' id='word_1_153' title='bbox 874 1781 954 1867; x_wconf 90' lang='lat' dir='ltr'>quod</span> <span class='ocrx_word' id='word_1_154' title='bbox 975 1778 1121 1855; x_wconf 76' lang='lat' dir='ltr'>iniustum</span> <span class='ocrx_word' id='word_1_155' title='bbox 1141 1783 1198 1843; x_wconf 69' lang='lat' dir='ltr'>sits</span> <span class='ocrx_word' id='word_1_156' title='bbox 1217 1784 1276 1845; x_wconf 80' lang='lat' dir='ltr'>eut</span> <span class='ocrx_word' id='word_1_157' title='bbox 1290 1794 1346 1841; x_wconf 69' lang='lat' dir='ltr'>reru</span> 
     </span>
     <span class='ocr_line' id='line_1_20' title="bbox 311 1857 1282 1941; baseline -0.002 -21"><span class='ocrx_word' id='word_1_158' title='bbox 311 1857 429 1935; x_wconf 80' lang='lat' dir='ltr'>juvenis</span> <span class='ocrx_word' id='word_1_159' title='bbox 439 1878 515 1928; x_wconf 79' lang='lat' dir='ltr'>urm,</span> <span class='ocrx_word' id='word_1_160' title='bbox 529 1879 590 1919; x_wconf 88' lang='lat' dir='ltr'>uon</span> <span class='ocrx_word' id='word_1_161' title='bbox 598 1868 715 1921; x_wconf 84' lang='lat' dir='ltr'>aetatem</span> <span class='ocrx_word' id='word_1_162' title='bbox 728 1865 822 1941; x_wconf 83' lang='lat' dir='ltr'>magis</span> <span class='ocrx_word' id='word_1_163' title='bbox 833 1861 927 1928; x_wconf 85' lang='lat' dir='ltr'>decet,</span> <span class='ocrx_word' id='word_1_164' title='bbox 940 1878 1028 1939; x_wconf 87' lang='lat' dir='ltr'>quam</span> <span class='ocrx_word' id='word_1_165' title='bbox 1041 1878 1131 1937; x_wconf 85' lang='lat' dir='ltr'>opera</span> <span class='ocrx_word' id='word_1_166' title='bbox 1141 1869 1282 1939; x_wconf 79' lang='lat' dir='ltr'>spectans.</span> 
     </span>
    </p>

    <p class='ocr_par' dir='ltr' id='par_1_11' title="bbox 237 1938 1339 2019">
     <span class='ocr_line' id='line_1_21' title="bbox 237 1938 1339 2019; baseline 0.004 -23"><span class='ocrx_word' id='word_1_167' title='bbox 237 1940 301 2013; x_wconf 69' lang='lat'>730</span> <span class='ocrx_word' id='word_1_168' title='bbox 354 1938 418 1998; x_wconf 74' lang='lat' dir='ltr'>cu.</span> <span class='ocrx_word' id='word_1_169' title='bbox 437 1939 557 2017; x_wconf 83' lang='lat' dir='ltr'>Ergone</span> <span class='ocrx_word' id='word_1_170' title='bbox 568 1948 685 2016; x_wconf 80' lang='lat' dir='ltr'>oportet</span> <span class='ocrx_word' id='word_1_171' title='bbox 696 1942 809 2019; x_wconf 83' lang='lat' dir='ltr'>legibus</span> <span class='ocrx_word' id='word_1_172' title='bbox 822 1939 899 1998; x_wconf 83' lang='lat' dir='ltr'>haud</span> <span class='ocrx_word' id='word_1_173' title='bbox 913 1947 1048 2015; x_wconf 83' lang='lat' dir='ltr'>parentes</span> <span class='ocrx_word' id='word_1_174' title='bbox 1059 1940 1173 1999; x_wconf 83' lang='lat' dir='ltr'>bonore</span> <span class='ocrx_word' id='word_1_175' title='bbox 1183 1940 1312 2013; x_wconf 65' lang='lat' dir='ltr'>ufficone</span> <span class='ocrx_word' id='word_1_176' title='bbox 1336 1948 1339 1955; x_wconf 93' lang='lat'>&#39;</span> 
     </span>
    </p>

    <p class='ocr_par' dir='ltr' id='par_1_12' title="bbox 354 2017 1372 2335">
     <span class='ocr_line' id='line_1_22' title="bbox 355 2017 1335 2087; baseline 0.003 -10"><span class='ocrx_word' id='word_1_177' title='bbox 355 2017 472 2077; x_wconf 78' lang='lat' dir='ltr'><strong>HAEM.</strong></span> <span class='ocrx_word' id='word_1_178' title='bbox 492 2019 582 2078; x_wconf 85' lang='lat' dir='ltr'>Haud</span> <span class='ocrx_word' id='word_1_179' title='bbox 594 2036 663 2077; x_wconf 82' lang='lat' dir='ltr'>sanc</span> <span class='ocrx_word' id='word_1_180' title='bbox 675 2020 729 2079; x_wconf 91' lang='lat' dir='ltr'>tibi</span> <span class='ocrx_word' id='word_1_181' title='bbox 742 2028 843 2079; x_wconf 82' lang='lat' dir='ltr'>auctor</span> <span class='ocrx_word' id='word_1_182' title='bbox 854 2020 920 2087; x_wconf 89' lang='lat' dir='ltr'>sim,</span> <span class='ocrx_word' id='word_1_183' title='bbox 933 2026 968 2077; x_wconf 91' lang='lat' dir='ltr'>ut</span> <span class='ocrx_word' id='word_1_184' title='bbox 979 2019 1063 2077; x_wconf 81' lang='lat' dir='ltr'>malis</span> <span class='ocrx_word' id='word_1_185' title='bbox 1075 2019 1221 2079; x_wconf 81' lang='lat' dir='ltr'>bonorem</span> <span class='ocrx_word' id='word_1_186' title='bbox 1232 2018 1335 2079; x_wconf 60' lang='lat' dir='ltr'>urba</span> 
     </span>
     <span class='ocr_line' id='line_1_23' title="bbox 355 2082 1372 2175; baseline -0.003 -18"><span class='ocrx_word' id='word_1_187' title='bbox 355 2096 418 2157; x_wconf 85' lang='lat' dir='ltr'>CR.</span> <span class='ocrx_word' id='word_1_188' title='bbox 438 2099 480 2155; x_wconf 82' lang='lat' dir='ltr'>nt</span> <span class='ocrx_word' id='word_1_189' title='bbox 491 2099 587 2156; x_wconf 80' lang='lat' dir='ltr'>haeoce</span> <span class='ocrx_word' id='word_1_190' title='bbox 599 2116 660 2156; x_wconf 91' lang='lat' dir='ltr'>non</span> <span class='ocrx_word' id='word_1_191' title='bbox 673 2100 725 2157; x_wconf 84' lang='lat' dir='ltr'>tali</span> <span class='ocrx_word' id='word_1_192' title='bbox 736 2106 870 2175; x_wconf 88' lang='lat' dir='ltr'>correpta</span> <span class='ocrx_word' id='word_1_193' title='bbox 881 2109 927 2156; x_wconf 86' lang='lat' dir='ltr'>est</span> <span class='ocrx_word' id='word_1_194' title='bbox 939 2097 1062 2155; x_wconf 71' lang='lat' dir='ltr'>morbo?</span> <span class='ocrx_word' id='word_1_195' title='bbox 1226 2090 1231 2097; x_wconf 82' lang='lat'>&#39;</span> <span class='ocrx_word' id='word_1_196' title='bbox 1250 2090 1254 2099; x_wconf 86' lang='lat'>&#39;</span> <span class='ocrx_word' id='word_1_197' title='bbox 1303 2082 1308 2099; x_wconf 86' lang='lat'>&#39;</span> <span class='ocrx_word' id='word_1_198' title='bbox 1336 2104 1339 2109; x_wconf 88' lang='lat'>&#39;</span> <span class='ocrx_word' id='word_1_199' title='bbox 1367 2160 1372 2165; x_wconf 64' lang='grc'><strong>,</strong></span> 
     </span>
     <span class='ocr_line' id='line_1_24' title="bbox 354 2174 1337 2258; baseline 0.006 -25"><span class='ocrx_word' id='word_1_200' title='bbox 354 2174 471 2236; x_wconf 83' lang='lat' dir='ltr'>HAEM.</span> <span class='ocrx_word' id='word_1_201' title='bbox 492 2177 602 2258; x_wconf 86' lang='lat' dir='ltr'>Utique</span> <span class='ocrx_word' id='word_1_202' title='bbox 614 2178 670 2235; x_wconf 91' lang='lat' dir='ltr'>hoc</span> <span class='ocrx_word' id='word_1_203' title='bbox 683 2186 773 2257; x_wconf 83' lang='lat' dir='ltr'>negat</span> <span class='ocrx_word' id='word_1_204' title='bbox 784 2179 936 2237; x_wconf 84' lang='lat' dir='ltr'>universus</span> <span class='ocrx_word' id='word_1_205' title='bbox 945 2175 1103 2235; x_wconf 74' lang='lat' dir='ltr'>Thebanis</span> <span class='ocrx_word' id='word_1_206' title='bbox 1114 2174 1250 2253; x_wconf 71' lang='lat' dir='ltr'>populu.</span> <span class='ocrx_word' id='word_1_207' title='bbox 1318 2200 1322 2205; x_wconf 94' lang='lat'>·</span> <span class='ocrx_word' id='word_1_208' title='bbox 1333 2190 1337 2209; x_wconf 88' lang='lat'>¹</span> 
     </span>
     <span class='ocr_line' id='line_1_25' title="bbox 355 2252 1338 2335; baseline -0.006 -22"><span class='ocrx_word' id='word_1_209' title='bbox 355 2254 419 2313; x_wconf 74' lang='lat' dir='ltr'>cll.</span> <span class='ocrx_word' id='word_1_210' title='bbox 439 2256 566 2324; x_wconf 83' lang='lat' dir='ltr'>Scilicet,</span> <span class='ocrx_word' id='word_1_211' title='bbox 576 2274 642 2335; x_wconf 75' lang='lat' dir='ltr'>quae</span> <span class='ocrx_word' id='word_1_212' title='bbox 654 2258 797 2335; x_wconf 85' lang='lat' dir='ltr'>imperare</span> <span class='ocrx_word' id='word_1_213' title='bbox 809 2256 940 2323; x_wconf 83' lang='lat' dir='ltr'>debeam,</span> <span class='ocrx_word' id='word_1_214' title='bbox 953 2255 1053 2313; x_wconf 81' lang='lat' dir='ltr'>civitas</span> <span class='ocrx_word' id='word_1_215' title='bbox 1065 2254 1140 2313; x_wconf 88' lang='lat' dir='ltr'>mihi</span> <span class='ocrx_word' id='word_1_216' title='bbox 1151 2252 1338 2331; x_wconf 73' lang='lat' dir='ltr'>praescriirstl&#39;</span> 
     </span>
    </p>
   </div>
   <div class='ocr_carea' id='block_1_4' title="bbox 239 2406 1376 3834">
    <p class='ocr_par' dir='ltr' id='par_1_13' title="bbox 354 2406 1342 2727">
     <span class='ocr_line' id='line_1_26' title="bbox 357 2406 1342 2491; baseline 0.003 -21"><span class='ocrx_word' id='word_1_217' title='bbox 357 2413 421 2471; x_wconf 80' lang='lat' dir='ltr'>CR.</span> <span class='ocrx_word' id='word_1_218' title='bbox 440 2412 591 2473; x_wconf 90' lang='lat' dir='ltr'>Nimirum</span> <span class='ocrx_word' id='word_1_219' title='bbox 599 2414 674 2472; x_wconf 83' lang='lat' dir='ltr'>alius</span> <span class='ocrx_word' id='word_1_220' title='bbox 684 2417 818 2491; x_wconf 87' lang='lat' dir='ltr'>imperio,</span> <span class='ocrx_word' id='word_1_221' title='bbox 828 2430 889 2473; x_wconf 89' lang='lat' dir='ltr'>uon</span> <span class='ocrx_word' id='word_1_222' title='bbox 901 2430 977 2479; x_wconf 86' lang='lat' dir='ltr'>meo,</span> <span class='ocrx_word' id='word_1_223' title='bbox 987 2406 1342 2486; x_wconf 76' lang='lat' dir='ltr'>terrahmcsubjsctaerltl</span> 
     </span>
     <span class='ocr_line' id='line_1_27' title="bbox 356 2491 1339 2570; baseline 0.004 -21"><span class='ocrx_word' id='word_1_224' title='bbox 356 2491 474 2551; x_wconf 80' lang='lat' dir='ltr'><strong>HAEM.</strong></span> <span class='ocrx_word' id='word_1_225' title='bbox 494 2493 611 2569; x_wconf 84' lang='lat' dir='ltr'>Quippe</span> <span class='ocrx_word' id='word_1_226' title='bbox 622 2510 684 2550; x_wconf 90' lang='lat' dir='ltr'>non</span> <span class='ocrx_word' id='word_1_227' title='bbox 697 2506 741 2552; x_wconf 81' lang='lat' dir='ltr'>est</span> <span class='ocrx_word' id='word_1_228' title='bbox 752 2494 861 2561; x_wconf 83' lang='lat' dir='ltr'>civitas,</span> <span class='ocrx_word' id='word_1_229' title='bbox 875 2510 940 2570; x_wconf 75' lang='lat' dir='ltr'>quae</span> <span class='ocrx_word' id='word_1_230' title='bbox 952 2493 1039 2549; x_wconf 83' lang='lat' dir='ltr'>unius</span> <span class='ocrx_word' id='word_1_231' title='bbox 1051 2496 1169 2551; x_wconf 79' lang='lat' dir='ltr'>murum</span> <span class='ocrx_word' id='word_1_232' title='bbox 1180 2500 1227 2551; x_wconf 82' lang='lat' dir='ltr'>est</span> <span class='ocrx_word' id='word_1_233' title='bbox 1238 2491 1298 2569; x_wconf 73' lang='lat' dir='ltr'>riri.</span> <span class='ocrx_word' id='word_1_234' title='bbox 1333 2502 1339 2519; x_wconf 87' lang='lat'>&#39;</span> 
     </span>
     <span class='ocr_line' id='line_1_28' title="bbox 355 2570 1340 2647; baseline -0.003 -18"><span class='ocrx_word' id='word_1_235' title='bbox 355 2570 420 2629; x_wconf 81' lang='lat' dir='ltr'>CR.</span> <span class='ocrx_word' id='word_1_236' title='bbox 439 2571 511 2629; x_wconf 88' lang='lat' dir='ltr'>Non</span> <span class='ocrx_word' id='word_1_237' title='bbox 521 2573 690 2647; x_wconf 84' lang='lat' dir='ltr'>imperantis</span> <span class='ocrx_word' id='word_1_238' title='bbox 701 2571 1039 2630; x_wconf 81' lang='lat' dir='ltr'>censeturessecirltasl</span> <span class='ocrx_word' id='word_1_239' title='bbox 1336 2580 1340 2593; x_wconf 85' lang='lat'>¹</span> 
     </span>
     <span class='ocr_line' id='line_1_29' title="bbox 354 2648 1288 2727; baseline 0.004 -20"><span class='ocrx_word' id='word_1_240' title='bbox 354 2648 472 2707; x_wconf 82' lang='lat' dir='ltr'><strong>HAEM.</strong></span> <span class='ocrx_word' id='word_1_241' title='bbox 491 2650 624 2708; x_wconf 78' lang='lat' dir='ltr'>Pulchre.</span> <span class='ocrx_word' id='word_1_242' title='bbox 663 2651 788 2709; x_wconf 85' lang='lat' dir='ltr'>Deserta</span> <span class='ocrx_word' id='word_1_243' title='bbox 800 2651 910 2709; x_wconf 83' lang='lat' dir='ltr'>scilicet</span> <span class='ocrx_word' id='word_1_244' title='bbox 920 2649 995 2708; x_wconf 89' lang='lat' dir='ltr'>urbe</span> <span class='ocrx_word' id='word_1_245' title='bbox 1006 2656 1041 2707; x_wconf 85' lang='lat' dir='ltr'>tu</span> <span class='ocrx_word' id='word_1_246' title='bbox 1052 2662 1191 2727; x_wconf 51' lang='lat' dir='ltr'>Quem</span> <span class='ocrx_word' id='word_1_247' title='bbox 1201 2648 1288 2716; x_wconf 63' lang='lat' dir='ltr'>solim</span> 
     </span>
    </p>

    <p class='ocr_par' dir='ltr' id='par_1_14' title="bbox 239 2724 1351 3039">
     <span class='ocr_line' id='line_1_30' title="bbox 239 2724 1351 2807; baseline 0.001 -23"><span class='ocrx_word' id='word_1_248' title='bbox 239 2724 302 2801; x_wconf 62' lang='lat'>740</span> <span class='ocrx_word' id='word_1_249' title='bbox 355 2728 418 2787; x_wconf 87' lang='lat' dir='ltr'>CR.</span> <span class='ocrx_word' id='word_1_250' title='bbox 439 2727 508 2795; x_wconf 90' lang='lat' dir='ltr'>Hic,</span> <span class='ocrx_word' id='word_1_251' title='bbox 521 2735 556 2786; x_wconf 90' lang='lat' dir='ltr'>ut</span> <span class='ocrx_word' id='word_1_252' title='bbox 567 2729 691 2796; x_wconf 87' lang='lat' dir='ltr'>videtur,</span> <span class='ocrx_word' id='word_1_253' title='bbox 704 2747 760 2806; x_wconf 88' lang='lat' dir='ltr'>pro</span> <span class='ocrx_word' id='word_1_254' title='bbox 771 2728 893 2787; x_wconf 89' lang='lat' dir='ltr'>muliere</span> <span class='ocrx_word' id='word_1_255' title='bbox 906 2736 1082 2807; x_wconf 84' lang='lat' dir='ltr'>propugnat.</span> <span class='ocrx_word' id='word_1_256' title='bbox 1224 2798 1227 2805; x_wconf 28' lang='grc' dir='ltr'>Ι</span> <span class='ocrx_word' id='word_1_257' title='bbox 1348 2724 1351 2729; x_wconf 77' lang='grc'><strong>’</strong></span> 
     </span>
     <span class='ocr_line' id='line_1_31' title="bbox 355 2805 1270 2887; baseline 0.002 -23"><span class='ocrx_word' id='word_1_258' title='bbox 355 2806 474 2866; x_wconf 80' lang='lat' dir='ltr'><strong>HAEM.</strong></span> <span class='ocrx_word' id='word_1_259' title='bbox 486 2805 526 2865; x_wconf 83' lang='lat' dir='ltr'>&#39;Si</span> <span class='ocrx_word' id='word_1_260' title='bbox 537 2814 571 2865; x_wconf 90' lang='lat' dir='ltr'>tu</span> <span class='ocrx_word' id='word_1_261' title='bbox 584 2808 702 2886; x_wconf 88' lang='lat' dir='ltr'>quidem</span> <span class='ocrx_word' id='word_1_262' title='bbox 714 2809 821 2867; x_wconf 88' lang='lat' dir='ltr'>mulier</span> <span class='ocrx_word' id='word_1_263' title='bbox 831 2826 880 2866; x_wconf 67' lang='lat' dir='ltr'>esc</span> <span class='ocrx_word' id='word_1_264' title='bbox 901 2825 956 2885; x_wconf 88' lang='lat' dir='ltr'>pro</span> <span class='ocrx_word' id='word_1_265' title='bbox 967 2814 998 2865; x_wconf 87' lang='lat' dir='ltr'>te</span> <span class='ocrx_word' id='word_1_266' title='bbox 1010 2808 1091 2865; x_wconf 84' lang='lat' dir='ltr'>enim</span> <span class='ocrx_word' id='word_1_267' title='bbox 1102 2822 1270 2887; x_wconf 79' lang='lat' dir='ltr'>propugno.</span> 
     </span>
     <span class='ocr_line' id='line_1_32' title="bbox 356 2886 1339 2967; baseline 0.003 -24"><span class='ocrx_word' id='word_1_268' title='bbox 356 2886 419 2944; x_wconf 84' lang='lat' dir='ltr'>CR.</span> <span class='ocrx_word' id='word_1_269' title='bbox 438 2887 612 2946; x_wconf 88' lang='lat' dir='ltr'>Oomnium</span> <span class='ocrx_word' id='word_1_270' title='bbox 625 2888 758 2962; x_wconf 83' lang='lat' dir='ltr'>pessime,</span> <span class='ocrx_word' id='word_1_271' title='bbox 772 2887 900 2966; x_wconf 91' lang='lat' dir='ltr'>quicum</span> <span class='ocrx_word' id='word_1_272' title='bbox 914 2886 1113 2967; x_wconf 76' lang='lat' dir='ltr'>patrelitigas.</span> <span class='ocrx_word' id='word_1_273' title='bbox 1333 2888 1339 2903; x_wconf 83' lang='grc'><em>“</em></span> 
     </span>
     <span class='ocr_line' id='line_1_33' title="bbox 354 2961 1001 3039; baseline 0.002 -16"><span class='ocrx_word' id='word_1_274' title='bbox 354 2963 472 3024; x_wconf 73' lang='lat' dir='ltr'>HAEM,</span> <span class='ocrx_word' id='word_1_275' title='bbox 491 2969 519 3025; x_wconf 91' lang='lat' dir='ltr'>A</span> <span class='ocrx_word' id='word_1_276' title='bbox 528 2961 611 3039; x_wconf 85' lang='lat' dir='ltr'>justo</span> <span class='ocrx_word' id='word_1_277' title='bbox 623 2967 704 3024; x_wconf 88' lang='lat' dir='ltr'>enim</span> <span class='ocrx_word' id='word_1_278' title='bbox 717 2974 747 3023; x_wconf 82' lang='lat' dir='ltr'>te</span> <span class='ocrx_word' id='word_1_279' title='bbox 759 2967 896 3025; x_wconf 84' lang='lat' dir='ltr'>aberrare</span> <span class='ocrx_word' id='word_1_280' title='bbox 907 2964 1001 3024; x_wconf 84' lang='lat' dir='ltr'>video.</span> 
     </span>
    </p>

    <p class='ocr_par' dir='ltr' id='par_1_15' title="bbox 250 3042 1123 3122">
     <span class='ocr_line' id='line_1_34' title="bbox 250 3042 1123 3122; baseline 0.001 -20"><span class='ocrx_word' id='word_1_281' title='bbox 250 3064 253 3069; x_wconf 91' lang='lat'>·</span> <span class='ocrx_word' id='word_1_282' title='bbox 352 3044 420 3102; x_wconf 78' lang='lat' dir='ltr'>CR.</span> <span class='ocrx_word' id='word_1_283' title='bbox 437 3046 555 3103; x_wconf 86' lang='lat' dir='ltr'>Scilicet</span> <span class='ocrx_word' id='word_1_284' title='bbox 565 3044 680 3115; x_wconf 81' lang='lat' dir='ltr'>oberro,</span> <span class='ocrx_word' id='word_1_285' title='bbox 693 3047 778 3122; x_wconf 78' lang='lat' dir='ltr'>regni</span> <span class='ocrx_word' id='word_1_286' title='bbox 786 3042 857 3119; x_wconf 84' lang='lat' dir='ltr'>jura</span> <span class='ocrx_word' id='word_1_287' title='bbox 868 3046 967 3102; x_wconf 89' lang='lat' dir='ltr'>colens</span> <span class='ocrx_word' id='word_1_288' title='bbox 978 3045 1057 3102; x_wconf 77' lang='lat' dir='ltr'>mei?</span> <span class='ocrx_word' id='word_1_289' title='bbox 1119 3090 1123 3103; x_wconf 71' lang='grc'>,</span> 
     </span>
    </p>

    <p class='ocr_par' dir='ltr' id='par_1_16' title="bbox 241 3114 1345 3205">
     <span class='ocr_line' id='line_1_35' title="bbox 241 3114 1345 3205; baseline 0 -18"><span class='ocrx_word' id='word_1_290' title='bbox 241 3122 301 3195; x_wconf 74' lang='lat'>74⁵</span> <span class='ocrx_word' id='word_1_291' title='bbox 356 3122 472 3184; x_wconf 75' lang='lat' dir='ltr'>nun.</span> <span class='ocrx_word' id='word_1_292' title='bbox 490 3124 584 3184; x_wconf 74' lang='lat' dir='ltr'>Haud</span> <span class='ocrx_word' id='word_1_293' title='bbox 602 3142 671 3184; x_wconf 78' lang='lat' dir='ltr'>sane</span> <span class='ocrx_word' id='word_1_294' title='bbox 688 3126 769 3194; x_wconf 72' lang='lat' dir='ltr'>eous,</span> <span class='ocrx_word' id='word_1_295' title='bbox 781 3126 854 3184; x_wconf 81' lang='lat' dir='ltr'>uum</span> <span class='ocrx_word' id='word_1_296' title='bbox 866 3124 931 3183; x_wconf 74' lang='lat' dir='ltr'>uus</span> <span class='ocrx_word' id='word_1_297' title='bbox 943 3122 1077 3183; x_wconf 72' lang='lat' dir='ltr'>dorma</span> <span class='ocrx_word' id='word_1_298' title='bbox 1089 3114 1345 3205; x_wconf 65' lang='lat' dir='ltr'>immaturati</span> 
     </span>
    </p>

    <p class='ocr_par' dir='ltr' id='par_1_17' title="bbox 315 3218 1376 3263">
     <span class='ocr_line' id='line_1_36' title="bbox 315 3218 1376 3263; baseline 0.002 -32"><span class='ocrx_word' id='word_1_299' title='bbox 315 3218 373 3263; x_wconf 45' lang='lat' dir='ltr'>w·</span> <span class='ocrx_word' id='word_1_300' title='bbox 1373 3228 1376 3233; x_wconf 91' lang='lat'>.</span> 
     </span>
    </p>

    <p class='ocr_par' dir='ltr' id='par_1_18' title="bbox 349 3281 1376 3597">
     <span class='ocr_line' id='line_1_37' title="bbox 353 3281 1376 3359; baseline -0.002 -18"><span class='ocrx_word' id='word_1_301' title='bbox 353 3282 420 3341; x_wconf 73' lang='lat' dir='ltr'>CR</span> <span class='ocrx_word' id='word_1_302' title='bbox 440 3282 635 3341; x_wconf 84' lang='lat' dir='ltr'>Oacelestum</span> <span class='ocrx_word' id='word_1_303' title='bbox 646 3282 801 3359; x_wconf 85' lang='lat' dir='ltr'>ingenium</span> <span class='ocrx_word' id='word_1_304' title='bbox 814 3282 997 3341; x_wconf 81' lang='lat' dir='ltr'>otafemina</span> <span class='ocrx_word' id='word_1_305' title='bbox 1008 3281 1172 3342; x_wconf 78' lang='lat' dir='ltr'>devictum-t</span> <span class='ocrx_word' id='word_1_306' title='bbox 1371 3330 1376 3339; x_wconf 92' lang='lat'>.</span> 
     </span>
     <span class='ocr_line' id='line_1_38' title="bbox 355 3360 1341 3439; baseline 0.001 -18"><span class='ocrx_word' id='word_1_307' title='bbox 355 3360 472 3421; x_wconf 79' lang='lat' dir='ltr'><strong>HAEM.</strong></span> <span class='ocrx_word' id='word_1_308' title='bbox 492 3362 531 3419; x_wconf 85' lang='lat' dir='ltr'>At</span> <span class='ocrx_word' id='word_1_309' title='bbox 543 3378 694 3439; x_wconf 86' lang='lat' dir='ltr'>nunquam</span> <span class='ocrx_word' id='word_1_310' title='bbox 706 3380 756 3419; x_wconf 92' lang='lat' dir='ltr'>me</span> <span class='ocrx_word' id='word_1_311' title='bbox 767 3380 786 3418; x_wconf 84' lang='lat' dir='ltr'>a</span> <span class='ocrx_word' id='word_1_312' title='bbox 797 3363 930 3438; x_wconf 85' lang='lat' dir='ltr'>turpibus</span> <span class='ocrx_word' id='word_1_313' title='bbox 943 3362 1089 3419; x_wconf 79' lang='lat' dir='ltr'>deuictum</span> <span class='ocrx_word' id='word_1_314' title='bbox 1100 3378 1216 3439; x_wconf 74' lang='lat' dir='ltr'>argues.</span> <span class='ocrx_word' id='word_1_315' title='bbox 1338 3364 1341 3371; x_wconf 89' lang='lat'>&#39;</span> 
     </span>
     <span class='ocr_line' id='line_1_39' title="bbox 349 3434 1288 3514; baseline 0 -15"><span class='ocrx_word' id='word_1_316' title='bbox 349 3440 551 3499; x_wconf 57' lang='lat' dir='ltr'>«cunamen</span> <span class='ocrx_word' id='word_1_317' title='bbox 563 3441 659 3498; x_wconf 86' lang='lat' dir='ltr'>omnis</span> <span class='ocrx_word' id='word_1_318' title='bbox 669 3447 737 3498; x_wconf 90' lang='lat' dir='ltr'>tuus</span> <span class='ocrx_word' id='word_1_319' title='bbox 749 3440 797 3498; x_wconf 89' lang='lat' dir='ltr'>hic</span> <span class='ocrx_word' id='word_1_320' title='bbox 808 3458 905 3499; x_wconf 83' lang='lat' dir='ltr'>sermo</span> <span class='ocrx_word' id='word_1_321' title='bbox 917 3441 960 3497; x_wconf 91' lang='lat' dir='ltr'>illi</span> <span class='ocrx_word' id='word_1_322' title='bbox 972 3436 1191 3514; x_wconf 56' lang='lat' dir='ltr'>patrocinatur:</span> <span class='ocrx_word' id='word_1_323' title='bbox 1284 3434 1288 3445; x_wconf 85' lang='lat'>&#39;</span> 
     </span>
     <span class='ocr_line' id='line_1_40' title="bbox 351 3518 1234 3597; baseline 0 -20"><span class='ocrx_word' id='word_1_324' title='bbox 351 3519 474 3579; x_wconf 74' lang='lat' dir='ltr'>:HAEM</span> <span class='ocrx_word' id='word_1_325' title='bbox 492 3518 620 3597; x_wconf 74' lang='lat' dir='ltr'>‘sibique</span> <span class='ocrx_word' id='word_1_326' title='bbox 631 3520 731 3587; x_wconf 86' lang='lat' dir='ltr'>etiam,</span> <span class='ocrx_word' id='word_1_327' title='bbox 745 3520 871 3586; x_wconf 88' lang='lat' dir='ltr'>etmihi,</span> <span class='ocrx_word' id='word_1_328' title='bbox 885 3526 918 3577; x_wconf 90' lang='lat' dir='ltr'>et</span> <span class='ocrx_word' id='word_1_329' title='bbox 928 3519 993 3577; x_wconf 85' lang='lat' dir='ltr'>Diis</span> <span class='ocrx_word' id='word_1_330' title='bbox 1005 3519 1114 3577; x_wconf 75' lang='lat' dir='ltr'>interis·</span> <span class='ocrx_word' id='word_1_331' title='bbox 1228 3520 1234 3535; x_wconf 79' lang='lat'>¹</span> 
     </span>
    </p>

    <p class='ocr_par' dir='ltr' id='par_1_19' title="bbox 241 3597 1351 3834">
     <span class='ocr_line' id='line_1_41' title="bbox 241 3597 1351 3676; baseline -0.005 -16"><span class='ocrx_word' id='word_1_332' title='bbox 241 3601 304 3667; x_wconf 73' lang='lat'>750</span> <span class='ocrx_word' id='word_1_333' title='bbox 343 3599 418 3657; x_wconf 69' lang='lat' dir='ltr'>cll.</span> <span class='ocrx_word' id='word_1_334' title='bbox 439 3599 526 3657; x_wconf 80' lang='lat' dir='ltr'>Hanc</span> <span class='ocrx_word' id='word_1_335' title='bbox 537 3616 598 3657; x_wconf 89' lang='lat' dir='ltr'>non</span> <span class='ocrx_word' id='word_1_336' title='bbox 611 3599 669 3656; x_wconf 91' lang='lat' dir='ltr'>erit</span> <span class='ocrx_word' id='word_1_337' title='bbox 680 3616 820 3676; x_wconf 85' lang='lat' dir='ltr'>unquam,</span> <span class='ocrx_word' id='word_1_338' title='bbox 834 3606 869 3655; x_wconf 92' lang='lat' dir='ltr'>ut</span> <span class='ocrx_word' id='word_1_339' title='bbox 880 3599 974 3656; x_wconf 89' lang='lat' dir='ltr'>vivam</span> <span class='ocrx_word' id='word_1_340' title='bbox 986 3599 1111 3674; x_wconf 85' lang='lat' dir='ltr'>amplius</span> <span class='ocrx_word' id='word_1_341' title='bbox 1119 3597 1221 3660; x_wconf 66' lang='lat' dir='ltr'>dutus.</span> <span class='ocrx_word' id='word_1_342' title='bbox 1266 3618 1269 3625; x_wconf 84' lang='grc'><strong>’</strong></span> <span class='ocrx_word' id='word_1_343' title='bbox 1348 3650 1351 3655; x_wconf 93' lang='grc'>.</span> 
     </span>
     <span class='ocr_line' id='line_1_42' title="bbox 356 3676 1174 3755; baseline 0 -19"><span class='ocrx_word' id='word_1_344' title='bbox 356 3678 472 3737; x_wconf 82' lang='lat' dir='ltr'><strong>HAEM.</strong></span> <span class='ocrx_word' id='word_1_345' title='bbox 488 3678 574 3755; x_wconf 68' lang='lat' dir='ltr'>orgo</span> <span class='ocrx_word' id='word_1_346' title='bbox 585 3680 737 3742; x_wconf 82' lang='lat' dir='ltr'>morietur,</span> <span class='ocrx_word' id='word_1_347' title='bbox 752 3687 782 3734; x_wconf 86' lang='lat' dir='ltr'>et</span> <span class='ocrx_word' id='word_1_348' title='bbox 795 3684 912 3736; x_wconf 83' lang='lat' dir='ltr'>mortua</span> <span class='ocrx_word' id='word_1_349' title='bbox 924 3679 1050 3752; x_wconf 84' lang='lat' dir='ltr'>aliquem</span> <span class='ocrx_word' id='word_1_350' title='bbox 1063 3676 1174 3754; x_wconf 75' lang='lat' dir='ltr'>perdet.</span> 
     </span>
     <span class='ocr_line' id='line_1_43' title="bbox 355 3756 1214 3834; baseline 0 -21"><span class='ocrx_word' id='word_1_351' title='bbox 355 3757 419 3814; x_wconf 82' lang='lat' dir='ltr'>CR.</span> <span class='ocrx_word' id='word_1_352' title='bbox 440 3757 487 3814; x_wconf 83' lang='lat' dir='ltr'>An</span> <span class='ocrx_word' id='word_1_353' title='bbox 499 3758 537 3814; x_wconf 92' lang='lat' dir='ltr'>ad</span> <span class='ocrx_word' id='word_1_354' title='bbox 548 3758 643 3815; x_wconf 77' lang='lat' dir='ltr'>minas</span> <span class='ocrx_word' id='word_1_355' title='bbox 654 3776 746 3834; x_wconf 85' lang='lat' dir='ltr'>usque</span> <span class='ocrx_word' id='word_1_356' title='bbox 758 3765 810 3817; x_wconf 80' lang='lat' dir='ltr'>tuo</span> <span class='ocrx_word' id='word_1_357' title='bbox 821 3763 957 3833; x_wconf 86' lang='lat' dir='ltr'>erumpet</span> <span class='ocrx_word' id='word_1_358' title='bbox 969 3756 1097 3815; x_wconf 79' lang='lat' dir='ltr'>ferocia?</span> <span class='ocrx_word' id='word_1_359' title='bbox 1208 3762 1214 3773; x_wconf 80' lang='grc'><strong>“</strong></span> 
     </span>
    </p>
   </div>
   <div class='ocr_carea' id='block_1_5' title="bbox 1371 1354 1405 3567">
    <p class='ocr_par' dir='ltr' id='par_1_20' title="bbox 1371 1354 1405 3567">
     <span class='ocr_line' id='line_1_44' title="bbox 1371 1354 1405 3567; baseline 0 0"><span class='ocrx_word' id='word_1_360' title='bbox 1371 1354 1405 3567; x_wconf 95' lang='lat' dir='ltr'> </span> 
     </span>
    </p>
   </div>
   <div class='ocr_carea' id='block_1_6' title="bbox 240 3826 1370 4388">
    <p class='ocr_par' dir='ltr' id='par_1_21' title="bbox 240 3826 1370 4388">
     <span class='ocr_line' id='line_1_45' title="bbox 356 3826 1354 3903; baseline -0.001 -11"><span class='ocrx_word' id='word_1_361' title='bbox 356 3833 473 3898; x_wconf 71' lang='lat' dir='ltr'>HAEM.</span> <span class='ocrx_word' id='word_1_362' title='bbox 484 3836 560 3897; x_wconf 79' lang='lat' dir='ltr'>Quae</span> <span class='ocrx_word' id='word_1_363' title='bbox 568 3846 638 3897; x_wconf 85' lang='lat' dir='ltr'>suut</span> <span class='ocrx_word' id='word_1_364' title='bbox 647 3837 853 3903; x_wconf 78' lang='lat' dir='ltr'>minmautem,</span> <span class='ocrx_word' id='word_1_365' title='bbox 863 3843 967 3893; x_wconf 90' lang='lat' dir='ltr'>contra</span> <span class='ocrx_word' id='word_1_366' title='bbox 974 3834 1073 3901; x_wconf 65' lang='lat' dir='ltr'>furtes</span> <span class='ocrx_word' id='word_1_367' title='bbox 1081 3826 1354 3895; x_wconf 67' lang='lat' dir='ltr'>diommteutiul</span> 
     </span>
     <span class='ocr_line' id='line_1_46' title="bbox 246 3912 1359 4008; baseline 0.004 -37"><span class='ocrx_word' id='word_1_368' title='bbox 246 3926 250 3931; x_wconf 85' lang='lat'>·</span> <span class='ocrx_word' id='word_1_369' title='bbox 356 3913 418 3972; x_wconf 85' lang='lat' dir='ltr'>CR.</span> <span class='ocrx_word' id='word_1_370' title='bbox 437 3912 553 4008; x_wconf 70' lang='lat' dir='ltr'>blaigno</span> <span class='ocrx_word' id='word_1_371' title='bbox 572 3922 626 3972; x_wconf 86' lang='lat' dir='ltr'>tuo</span> <span class='ocrx_word' id='word_1_372' title='bbox 647 3932 716 3973; x_wconf 85' lang='lat' dir='ltr'>oum</span> <span class='ocrx_word' id='word_1_373' title='bbox 737 3916 816 3974; x_wconf 86' lang='lat' dir='ltr'>malo</span> <span class='ocrx_word' id='word_1_374' title='bbox 836 3922 885 3974; x_wconf 89' lang='lat' dir='ltr'>nte</span> <span class='ocrx_word' id='word_1_375' title='bbox 902 3914 979 3972; x_wconf 78' lang='lat' dir='ltr'>costi</span> <span class='ocrx_word' id='word_1_376' title='bbox 1022 3916 1064 3982; x_wconf 76' lang='lat' dir='ltr'>is,</span> <span class='ocrx_word' id='word_1_377' title='bbox 1084 3914 1359 3993; x_wconf 77' lang='lat' dir='ltr'>ipsementtsinop</span> 
     </span>
     <span class='ocr_line' id='line_1_47' title="bbox 336 4009 967 4053; baseline 0.005 -3"><span class='ocrx_word' id='word_1_378' title='bbox 336 4009 475 4050; x_wconf 74' lang='lat' dir='ltr'>uumeru-</span> <span class='ocrx_word' id='word_1_379' title='bbox 959 4035 967 4053; x_wconf 44' lang='lat' dir='ltr'>r</span> 
     </span>
     <span class='ocr_line' id='line_1_48' title="bbox 240 4010 1089 4151; baseline -0.004 -18"><span class='ocrx_word' id='word_1_380' title='bbox 240 4072 301 4151; x_wconf 62' lang='lat'>25⁵</span> <span class='ocrx_word' id='word_1_381' title='bbox 316 4010 337 4070; x_wconf 72' lang='lat' dir='ltr'>q</span> <span class='ocrx_word' id='word_1_382' title='bbox 357 4070 474 4143; x_wconf 65' lang='lat' dir='ltr'>HM.</span> <span class='ocrx_word' id='word_1_383' title='bbox 483 4070 560 4128; x_wconf 70' lang='lat' dir='ltr'>utici</span> <span class='ocrx_word' id='word_1_384' title='bbox 572 4078 655 4147; x_wconf 84' lang='lat' dir='ltr'>pater</span> <span class='ocrx_word' id='word_1_385' title='bbox 667 4088 751 4134; x_wconf 79' lang='lat' dir='ltr'>esses,</span> <span class='ocrx_word' id='word_1_386' title='bbox 767 4072 894 4131; x_wconf 89' lang='lat' dir='ltr'>dicerem</span> <span class='ocrx_word' id='word_1_387' title='bbox 906 4079 936 4129; x_wconf 88' lang='lat' dir='ltr'>te</span> <span class='ocrx_word' id='word_1_388' title='bbox 948 4056 1089 4148; x_wconf 71' lang='lat' dir='ltr'>uulpem</span> 
     </span>
     <span class='ocr_line' id='line_1_49' title="bbox 243 4136 1270 4227; baseline 0.002 -20"><span class='ocrx_word' id='word_1_389' title='bbox 243 4166 253 4185; x_wconf 51' lang='lat'>¹*</span> <span class='ocrx_word' id='word_1_390' title='bbox 356 4136 575 4209; x_wconf 58' lang='lat' dir='ltr'>ommonem</span> <span class='ocrx_word' id='word_1_391' title='bbox 588 4151 776 4226; x_wconf 81' lang='lat' dir='ltr'>mancipium,</span> <span class='ocrx_word' id='word_1_392' title='bbox 789 4169 827 4208; x_wconf 92' lang='lat' dir='ltr'>ne</span> <span class='ocrx_word' id='word_1_393' title='bbox 839 4170 888 4209; x_wconf 85' lang='lat' dir='ltr'>mo</span> <span class='ocrx_word' id='word_1_394' title='bbox 899 4150 1056 4227; x_wconf 78' lang='lat' dir='ltr'>garriendo</span> <span class='ocrx_word' id='word_1_395' title='bbox 1067 4164 1166 4209; x_wconf 71' lang='lat' dir='ltr'>ouem.</span> <span class='ocrx_word' id='word_1_396' title='bbox 1267 4160 1270 4167; x_wconf 89' lang='lat'>&#39;</span> 
     </span>
     <span class='ocr_line' id='line_1_50' title="bbox 352 4226 1218 4307; baseline -0.002 -20"><span class='ocrx_word' id='word_1_397' title='bbox 352 4226 474 4287; x_wconf 77' lang='lat' dir='ltr'><strong>HAEM.</strong></span> <span class='ocrx_word' id='word_1_398' title='bbox 494 4227 560 4295; x_wconf 77' lang='lat' dir='ltr'>vra·</span> <span class='ocrx_word' id='word_1_399' title='bbox 574 4229 716 4307; x_wconf 84' lang='lat' dir='ltr'>quidlibet</span> <span class='ocrx_word' id='word_1_400' title='bbox 728 4230 820 4307; x_wconf 90' lang='lat' dir='ltr'>loqui,</span> <span class='ocrx_word' id='word_1_401' title='bbox 832 4239 863 4288; x_wconf 90' lang='lat' dir='ltr'>et</span> <span class='ocrx_word' id='word_1_402' title='bbox 875 4230 951 4288; x_wconf 87' lang='lat' dir='ltr'>nihil</span> <span class='ocrx_word' id='word_1_403' title='bbox 960 4228 1085 4289; x_wconf 74' lang='lat' dir='ltr'>vicissim</span> <span class='ocrx_word' id='word_1_404' title='bbox 1095 4226 1218 4289; x_wconf 74' lang='lat' dir='ltr'>audire?</span> 
     </span>
     <span class='ocr_line' id='line_1_51' title="bbox 353 4306 1370 4388; baseline 0.009 -21"><span class='ocrx_word' id='word_1_405' title='bbox 353 4308 421 4368; x_wconf 75' lang='lat' dir='ltr'>GR.</span> <span class='ocrx_word' id='word_1_406' title='bbox 441 4308 527 4377; x_wconf 73' lang='lat' dir='ltr'>itum</span> <span class='ocrx_word' id='word_1_407' title='bbox 537 4308 626 4371; x_wconf 77' lang='lat' dir='ltr'>uero?</span> <span class='ocrx_word' id='word_1_408' title='bbox 647 4309 769 4373; x_wconf 75' lang='lat' dir='ltr'>athoud</span> <span class='ocrx_word' id='word_1_409' title='bbox 787 4310 921 4388; x_wconf 83' lang='lat' dir='ltr'>impune,</span> <span class='ocrx_word' id='word_1_410' title='bbox 932 4315 964 4370; x_wconf 84' lang='lat' dir='ltr'>et</span> <span class='ocrx_word' id='word_1_411' title='bbox 979 4315 1015 4373; x_wconf 81' lang='lat' dir='ltr'>ut</span> <span class='ocrx_word' id='word_1_412' title='bbox 1029 4309 1138 4371; x_wconf 79' lang='lat' dir='ltr'>ceruus</span> <span class='ocrx_word' id='word_1_413' title='bbox 1153 4308 1240 4381; x_wconf 67' lang='lat' dir='ltr'>ucho,</span> <span class='ocrx_word' id='word_1_414' title='bbox 1253 4306 1370 4375; x_wconf 65' lang='lat' dir='ltr'>mh!</span> 
     </span>
    </p>
   </div>
   <div class='ocr_carea' id='block_1_7' title="bbox 0 0 1392 4882">
    <p class='ocr_par' dir='ltr' id='par_1_22' title="bbox 0 0 1392 4882">
     <span class='ocr_line' id='line_1_52' title="bbox 0 0 1392 4882; baseline 0 9"><span class='ocrx_word' id='word_1_415' title='bbox 0 0 1392 4882; x_wconf 95' lang='lat' dir='ltr'> </span> 
     </span>
    </p>
   </div>
  </div>
 </body>
</html>
