2776 4882
195 302 200 311 .
315 258 384 326 soa
676 216 679 223 ’
728 257 955 328 arcemn.
1001 209 1004 216 ’

162 414 165 422 ’
222 435 300 495 1840
355 428 459 490 PAED⁴
477 428 580 490 Rebus
597 428 747 500 confectis,
759 433 901 492 narrabo:
924 440 957 492 ut
969 439 1070 493 autem
1082 447 1161 495 nunc
1171 438 1227 500 ert.
1240 432 1320 495 bene
1330 448 1364 495 se
1377 416 1380 421 ⁵

316 508 427 568 habent
438 510 555 569 illorum
568 513 677 579 omnia,
690 512 780 571 etiam
793 513 842 570 illa
853 531 919 590 qnae
931 529 993 570 non
1005 512 1088 572 bene.

353 587 418 647 EL.
437 590 511 652 Quis
523 590 571 647 bic
583 598 637 657 est,
650 590 759 649 fraterl
780 590 838 649 Dic
849 592 931 655 milri,
945 608 1000 668 per
1010 590 1090 668 Deos
1102 590 1232 652 obsecro.
1329 628 1342 646 .·

354 666 421 726 0R.
441 667 512 725 Non
524 670 692 746 cognoscis?

352 744 417 805 ΕΙ).
436 745 485 804 Ne
497 748 529 804 in
541 756 671 806 mentem
685 746 801 827 quidem
815 749 904 807 venit.
989 772 992 779 ·

353 823 420 882 Oli.
441 824 563 901 Ignoras
576 826 623 884 cui
636 845 684 884 me
697 829 730 884 in
742 844 845 886 manus
858 826 1002 886 tradidisti
1013 826 1102 887 olim?

323 932 327 939 ·
354 901 419 961 ΕΙ).
441 905 517 961 Cui?
539 904 609 980 quid
622 909 740 1041 rzarrasl
1302 928 1305 935 ·

221 989 299 1047 into
352 980 420 1040 OR.
441 979 532 1118 egrius
551 985 631 1042 mani
651 1002 687 1042 us
703 984 882 1045 l'boccoscm
901 985 934 1043 in
951 991 1061 1045 temam
1076 980 1361 1045 clamdeletmsum

227 1120 230 1125 ,
313 1067 366 1119 tua
378 1061 460 1136 provi
480 1062 568 1126 entia,
1316 1084 1319 1091 ·

352 1139 416 1198 ΕΙ).
435 1140 485 1199 An
506 1141 556 1198 hic
574 1140 626 1198 illo
646 1148 699 1207 est,
712 1160 799 1219 quem
819 1141 889 1199 olim
908 1160 946 1203 ex
964 1142 1065 1201 multis
1080 1140 1246 1221 egosolum
1258 1138 1361 1201 invem

313 1218 417 1285 fidum,
430 1227 515 1294 pater
526 1238 619 1298 quum
630 1220 750 1278 daretur
762 1222 845 1279 neci?

229 1338 232 1347 ,
352 1298 419 1355 ΟΒ.
440 1297 500 1355 Ηίο
512 1307 555 1356 est
564 1324 573 1369 i
595 1317 632 1356 ne
645 1318 693 1356 me
706 1300 836 1375 pluribus
848 1299 941 1358 verbis
953 1318 1034 1379 roga.
1294 1330 1298 1337 ·

133 1428 137 1436 .
220 1368 297 1436 13⁵5
351 1376 417 1435 ΕΙ).
437 1377 465 1434 0
484 1378 536 1437 lux
553 1375 773 1459 jucundissima,
793 1379 812 1437 0
832 1380 917 1438 unice
936 1388 1065 1439 servator
1081 1377 1185 1437 domus
1197 1376 1360 1456 Agamem·

313 1457 421 1521 noniae,
435 1458 583 1533 quomodo
601 1457 659 1513 huc
671 1459 794 1514 venisti?
815 1476 854 1515 an
867 1470 901 1515 tu
918 1459 967 1515 ille
984 1478 1025 1525 es,
1039 1459 1089 1536 qui
1102 1459 1180 1515 bunc
1191 1463 1222 1513 et
1234 1474 1285 1513 me
1297 1472 1360 1513 ser-

313 1535 386 1592 vasti
398 1553 417 1592 a
429 1535 527 1592 multis
540 1536 644 1593 malis?
666 1538 685 1592 b
698 1538 851 1595 carissimae
863 1554 978 1604 manus,
991 1547 1082 1616 tuque
1093 1535 1293 1613 gratissimum
1305 1535 1361 1593 ba·

312 1611 385 1671 bens
408 1614 514 1689 pedum
534 1616 737 1680 ministerium,
757 1633 845 1691 quare
863 1613 1050 1691 jampridem,
1063 1632 1153 1693 quum
1171 1612 1359 1679 edessam

219 1693 298 1751 1860
312 1692 440 1755 tollebas,
454 1709 507 1750 nec
519 1700 548 1750 tc
561 1693 716 1757 indicabas,
729 1694 806 1751 facta
816 1694 925 1751 habens
936 1696 1101 1755 dulcissima
1113 1693 1206 1750 mihi?
1227 1690 1323 1760 Salve,
1336 1691 1358 1751 d

312 1770 412 1847 pater!
434 1775 548 1846 patrem
570 1773 649 1829 enim
670 1771 766 1829 videre
783 1771 895 1830 videor:
916 1775 1000 1831 salve.
1040 1772 1118 1830 Scias
1134 1788 1204 1851 vero
1215 1777 1245 1826 te
1257 1786 1356 1831 uuum

226 1864 231 1893 -·
314 1851 448 1909 omnium
461 1852 616 1908 bominum
628 1851 755 1909 maxime
766 1850 840 1909 mihi
849 1852 917 1909 odio
929 1859 960 1909 et
968 1853 1062 1911 amori
1069 1851 1157 1909 fiune
1167 1864 1228 1906 una
1236 1846 1356 1906 hacdie.

210 1928 296 2003 Ι1805
351 1926 455 1987 PAED.
473 1928 549 1987 Satis
560 1946 621 1987 esse
632 1946 753 2001 censeo,
774 1930 877 1989 mults
896 1932 976 1989 enim
987 1929 1143 1988 volvuntur
1161 1933 1263 1985 noctes
1275 1925 1358 1984 ‹lies-

312 2024 370 2084 que
381 2007 513 2072 totidem,
528 2007 633 2085 quibus
643 2007 707 2075 tibi,
719 2008 846 2078 Electra,
859 2011 959 2068 omnia
970 2008 1116 2067 declarare
1126 2005 1301 2083 licebitque
1309 2006 1367 2077 ins

311 2093 393 2144 terea
410 2093 495 2163 gesta
513 2094 597 2145 sunt:
619 2087 700 2145 vobis
724 2095 832 2155 autem,
854 2089 959 2147 Oresta
977 2087 1154 2165 Pyladeque,
1171 2083 1256 2143 edico
1274 2096 1356 2142 nnuc

229 2224 232 2229 ,
312 2169 430 2240 tempus
449 2183 509 2223 esse
531 2183 597 2224 rem
617 2167 823 2244 aggrediendi,
846 2184 926 2226 nune
945 2167 1166 2243 clytemnestra
1183 2162 1257 2231 sois,
1274 2176 1353 2221 nunc

217 2242 297 2306 1870
312 2260 401 2302 nemo
420 2245 550 2303 virorum
569 2245 662 2303 intus:
683 2247 708 2302 si
726 2262 795 2303 vcro
812 2246 959 2314 differetis,
972 2247 1099 2324 cogitate
1117 2250 1148 2301 et
1167 2258 1237 2301 curn
1254 2241 1311 2309 bis,
1323 2248 1354 2298 et

311 2322 548 2400 prudentioribus
560 2324 634 2392 aliis,
646 2325 739 2402 iisque
752 2325 894 2402 pluribus,
906 2342 957 2382 vos
967 2324 1164 2383 dimicaturos.

350 2401 418 2461 ΟΒ.
438 2401 509 2460 Non
527 2401 576 2460 hic
597 2404 688 2480 longo
708 2420 843 2462 sermone
862 2403 996 2480 amplius,
1015 2401 1132 2480 Pylade,
1144 2415 1217 2476 epm
1228 2406 1285 2465 est,
1303 2396 1352 2456 sed

216 2477 295 2542 1875
312 2497 400 2559 quam
413 2482 544 2538 ocissime
556 2483 598 2540 ire
610 2483 700 2550 intro,
712 2482 843 2541 salutatis
855 2484 936 2560 prius
947 2481 1081 2541 Deorum
1088 2478 1252 2558 patriorum
1263 2478 1354 2536 aimu-

310 2559 406 2626 lacris,
420 2561 470 2636 qui
480 2560 547 2616 huic
560 2561 701 2619 vestibulo
713 2570 851 2637 praesunt.

349 2637 414 2697 ΕΙ).
434 2639 462 2696 0
487 2637 554 2697 Rex
575 2639 692 2715 Apollo,
714 2640 856 2716 propitius
876 2640 941 2698 illos
960 2638 1038 2705 audi,
1062 2653 1168 2715 meque
1184 2633 1377 2693 simulcurn..

310 2716 367 2783 bis,
378 2735 442 2794 quae
454 2734 531 2793 sepe
551 2717 606 2775 tibi
624 2734 692 2777 cum
710 2717 805 2786 donis,
823 2726 859 2777 nt
869 2735 931 2777 sors
943 2736 1011 2779 mea
1020 2716 1141 2783 ferebat,
1152 2714 1299 2791 supplices
1310 2721 1358 2769 te·

311 2794 394 2852 temli
405 2812 525 2855 manus:
548 2811 627 2854 nunc
638 2805 749 2863 autem,
761 2797 781 2856 0
793 2797 887 2875 bycee
898 2797 1014 2874 Apollo,
1023 2812 1092 2854 cum
1101 2793 1205 2858 verbis,
1215 2808 1282 2870 quui
1292 2793 1363 2849 sola

216 2870 295 2930 1880
311 2873 415 2941 habeo,
427 2875 551 2951 supplex
568 2874 607 2933 ad
625 2883 656 2932 te
674 2877 770 2944 venio,
789 2885 869 2953 peto,
889 2892 1001 2952 precor,
1015 2875 1090 2934 adsis
1102 2871 1185 2931 nobie
1196 2870 1362 2929 benevolus

311 2948 400 3026 hujus
421 2954 509 3029 ooepti
529 2950 655 3027 adjutor,
678 2961 709 3012 et
730 2956 851 3016 ostende
873 2954 1046 3015 mortalibus
1066 2951 1189 3031 promia
1209 2949 1361 3027 impietati

312 3031 409 3110 qualia
419 3032 552 3091 tribuant
559 3032 621 3091 Dii.

138 3132 142 3139 ·
216 3108 294 3193 1885
349 3110 417 3169 CH.
436 3110 540 3169 Videte
565 3128 624 3189 quo
645 3112 811 3189 prorumpit
831 3113 1005 3191 sangninem
1029 3110 1142 3188 spirans
1160 3104 1356 3167 ineluctabilis

229 3242 234 3251 .
311 3187 401 3248 Mars.
440 3190 574 3249 Subeunt
590 3186 655 3262 jam
666 3198 744 3250 tecta
755 3191 861 3250 domus
880 3192 989 3250 ultores
1007 3189 1182 3249 immanium
1199 3186 1355 3253 meremur,

310 3268 490 3327 inevitabiles
502 3286 601 3326 canes:
623 3287 710 3347 quare
723 3287 784 3328 non
796 3271 919 3346 amplius
936 3270 1027 3347 longa
1044 3268 1101 3326 erit
1119 3282 1214 3333 mora,
1232 3270 1265 3323 ot
1276 3262 1353 3344 quod

215 3347 295 3407 1890
310 3348 385 3407 mibi
396 3348 512 3406 animus
524 3347 694 3406 vaticinatus
706 3358 760 3415 est,
774 3357 893 3407 eventus
905 3346 1115 3425 comprobabit.
1145 3343 1352 3422 Namquerm
1385 3423 1386 3426 Ἴ

218 3458 221 3462 ·
250 3462 253 3467 ·
311 3427 372 3484 tivo
383 3426 457 3503 pede
469 3433 604 3503 penetrat
616 3425 747 3494 domum,
760 3427 947 3506 antiquarum
959 3444 1048 3504 opum
1061 3431 1197 3503 paternae
1215 3421 1352 3491 incedet,
1377 3442 1385 3461 0

89 3556 91 3560 ,
216 3488 293 3564 1395
310 3507 443 3565 manium
454 3506 571 3573 vindex,
582 3520 683 3563 recens
694 3515 815 3564 acutum
826 3506 957 3583 gladium
975 3505 1110 3564 manibus
1123 3510 1244 3561 tenus
1265 3500 1354 3561 Mein

309 3602 379 3642 vero
385 3586 466 3679 lilius
478 3585 642 3643 Mercurius
654 3585 740 3678 illum
752 3584 870 3644 deducit
882 3585 920 3643 ad
937 3586 1035 3662 ipsum
1046 3583 1148 3652 finem,
1160 3579 1300 3643 naniam
1311 3586 1353 3639 te·

220 3712 225 3725 ·
310 3664 1025 3812 remorsurum
1043 3757 1118 3819 ,r
1136 3744 1354 3819 mro,

309 3822 714 3898 agesilentiooppcriminor.
898 3898 900 3905 Ι
1155 3906 1158 3911 ¹

216 3898 294 3961 ¹4⁰⁰
348 3900 414 4038 girl.
430 3898 852 4115 iiluaodjpigldiproinoefruodcbildffl
863 3900 1128 4059 pgggmagrffim
1147 3974 1291 4057 inctrnite
1308 3973 1355 4037 im

308 4075 378 4116 rero
391 4074 511 4133 proper
560 4076 597 4114 an
614 4098 632 4117 .-
834 4072 836 4079 ·

240 4253 243 4258 -
306 4135 998 4354 dggdddddidiaeddiiniomaddndbmnobis
1005 4200 1356 4298 AEgistbmingrediatue

329 4309 438 4355 omum.
494 4340 496 4345 -
1008 4330 1038 4353 .·
1093 4316 1097 4323 “
