2776 4882
458 297 683 412 siseres.
1022 310 1107 408 sss
1190 254 1230 303 ⁵

86 475 205 538 onir.
224 476 385 542 Quidnam,
397 477 520 553 hospes?
535 477 600 536 dic:
614 477 716 535 missus
728 477 809 536 enim
821 475 858 535 ab
867 477 971 546 amico,
984 478 1089 545 amics,

41 563 96 617 stit
109 559 180 622 scio,
192 556 323 615 dicturus
335 574 366 612 es
377 556 473 613 rerba.

86 635 195 697 ΡΜ).
213 634 352 693 Mortuus
364 642 409 691 est
420 635 538 692 Orestes
549 656 557 691 s
578 653 641 693 rem
651 636 683 693 in
695 653 787 712 pauca
798 634 926 694 confero.
946 674 949 679 -

49 758 55 769 .
87 712 156 773 BL.
176 713 246 772 Heu
256 712 471 771 memineram!
493 715 568 789 perii
581 715 676 772 hodie.

87 792 207 853 cnYT.
226 792 307 854 Quid
324 793 377 857 nis,
390 792 460 870 quid
471 793 523 858 nis,
536 792 658 869 impes?
674 811 710 863 ne
722 794 798 850 hanc
810 792 887 851 audi.
1106 794 1165 857 675

86 871 195 941 ΒΔΗ).
215 870 338 929 Periime
350 870 476 928 Oresten
487 871 554 929 dico
566 889 654 934 nunc,
668 880 703 929 ut
714 881 745 929 et
754 873 842 948 prius.

87 950 156 1009 En.
176 950 278 1008 Occidi
290 950 395 1007 misera
407 951 539 1024 penitus:
560 952 683 1025 amplius
692 947 756 1022 jam
769 951 848 1008 nulla
859 966 933 1008 sum.

73 1028 208 1089 'CLYT.
225 1027 273 1086 Tu
285 1046 349 1086 rem
369 1034 452 1086 tuam
464 1046 536 1105 age:
558 1036 592 1086 tu
604 1047 681 1096 vero,
696 1031 808 1106 hospes,
825 1028 985 1087 rerumdic
1006 1029 1090 1095 mihi,

47 1107 320 1189 quoperiitmodo.
708 1115 710 1118 ⁴
1043 1123 1046 1128 ·

88 1186 195 1247 PAED,
214 1186 305 1263 Atqui
326 1186 381 1243 hnc
403 1187 500 1262 gretia
524 1188 627 1245 mismss
652 1204 727 1254 sum,
755 1204 873 1263 remque
895 1185 950 1243 tibi
972 1204 1092 1244 omnem
1108 1188 1167 1243 680

50 1264 205 1326 mnbo.
217 1264 317 1326 Quum
330 1265 410 1321 enim
423 1265 472 1321 ille
485 1268 606 1324 venisset
615 1267 651 1324 ad
664 1266 876 1323 nobilissimum
889 1265 1010 1323 Graeeiae
1023 1282 1092 1322 con·
1129 1295 1132 1300 ·

52 1353 187 1412 venitm,
199 1343 357 1419 Delphicus
371 1353 490 1420 propter
509 1345 602 1411 ludos,
614 1347 707 1402 simul·
722 1363 755 1401 nc
767 1345 875 1402 audivit
887 1342 966 1401 clara
983 1362 1093 1420 praeco·

51 1425 99 1485 nir
111 1441 183 1483 vocs
195 1440 312 1481 mesum
324 1421 421 1485 indici,
435 1441 494 1499 quo
506 1425 635 1498 primum
645 1424 783 1480 contendi
795 1423 877 1489 solet,
891 1423 1035 1498 ingressus
1049 1435 1092 1480 est
1109 1423 1167 1477 685

51 1502 230 1581 splendidus,
245 1500 435 1575 omnibusque
449 1503 498 1577 qui
511 1502 631 1560 aderunt
641 1502 846 1561 admirandus:
861 1518 979 1558 emenso
992 1510 1093 1560 nutem

50 1589 137 1641 unte
159 1580 307 1640 celeritate
319 1579 421 1645 stadio,
435 1594 469 1636 nt
491 1582 569 1638 inter
589 1598 716 1638 carceres
732 1589 763 1637 et
786 1590 893 1638 metam
916 1581 964 1638 rix
983 1580 1094 1657 aliquid

50 1661 140 1737 spatii
151 1677 214 1717 esse
225 1659 381 1722 videretur,
395 1675 525 1733 egressus
538 1668 591 1727 est,
604 1656 751 1718 summum
764 1661 890 1717 victoriae
912 1659 999 1715 decus
1012 1658 1093 1716 aufe·

51 1756 139 1799 renes
160 1748 248 1815 etque
260 1745 294 1795 ut
306 1737 401 1794 muita
420 1739 518 1812 paucis
530 1739 715 1814 complectar,
729 1757 788 1797 non
802 1738 876 1796 alius
890 1738 942 1794 viri
956 1734 1025 1794 tniin
1039 1754 1093 1795 no-

52 1810 180 1881 iiiacta,
195 1834 249 1874 nee
272 1816 330 1872 tals
353 1817 451 1872 robur.
492 1817 593 1875 Unum
612 1825 711 1875 autem
731 1820 821 1876 seito:
843 1834 1093 1894 quorumcumque
1110 1816 1169 1873 690

53 1898 134 1955 enim
155 1897 351 1954 certaminum
371 1913 389 1950 a
408 1895 543 1953 indorum
563 1897 678 1954 arbitris
703 1896 812 1954 indicta
833 1897 914 1954 fuere
934 1912 989 1971 pro
1011 1910 1093 1953 more

53 1975 251 2054 quinquertio,
265 1974 371 2032 horum
389 1975 521 2032 omnium
536 1976 626 2034 victor
645 1978 773 2032 maximo
786 1977 889 2052 plausu
910 1975 1094 2033 renuntiatus

30 2086 39 2107 t
54 2062 109 2123 est,
121 2054 224 2112 beatus
236 2053 273 2111 ab
285 2051 420 2109 omnibns
429 2054 609 2127 praedicatus,
623 2057 747 2131 Argivus
759 2055 876 2132 quidem
890 2055 1094 2128 proclamatus,

55 2134 287 2193 unanimantem
307 2131 434 2197 Orestes,
446 2132 674 2208 Agamemnonis
692 2134 778 2200 filins,
792 2132 869 2189 illius
890 2135 940 2210 qui
952 2130 1095 2208 inclytum
1111 2130 1169 2189 695
1209 2174 1211 2179 .

57 2212 128 2271 olim
140 2213 262 2269 (iraeciae
274 2211 461 2286 congregavit
474 2214 641 2269 exercitum.
673 2211 715 2268 Et
728 2212 790 2269 haec
810 2212 927 2289 quidem
943 2213 986 2269 ita
1004 2220 1072 2268 sunt
1084 2237 1092 2268 ι

59 2290 256 2350 sivero-Deus
292 2291 336 2346 uis
360 2291 527 2363 praepediat,
548 2308 585 2347 ne
602 2300 740 2365 praestans
764 2290 881 2366 quidem
904 2288 1095 2348 robomeffu-

10 2406 12 2411 -
60 2386 127 2446 gere
138 2370 238 2445 possit.
273 2309 332 2427 dne
350 2368 430 2423 enim
442 2379 559 2444 postero
578 2369 635 2437 die,
648 2388 739 2446 quum
753 2371 865 2426 oriente
886 2370 947 2425 sole
959 2370 1095 2427 commit·

63 2448 181 2507 tendum
195 2453 269 2525 esset
284 2448 368 2504 velox
380 2456 513 2523 equestre
532 2456 688 2514 certamen,
701 2451 847 2524 ingressus
859 2456 902 2504 est
915 2466 983 2506 curn
995 2449 1095 2507 multis
1112 2444 1173 2507 700
1198 2520 1201 2525 Ι

64 2528 175 2603 strigis.
215 2526 300 2585 Unus
318 2530 380 2584 emt
401 2525 536 2592 Achivus,
550 2545 624 2584 unus
646 2546 663 2583 e
686 2527 870 2603 Spa1·tn,duo
892 2526 995 2603 Libyes
1014 2527 1096 2585 'docti

10 2660 12 2675 ,
66 2603 244 2682 qmdrijuges
256 2623 357 2663 currus
370 2620 482 2679 regere,
497 2607 614 2682 quintus
626 2607 687 2682 ipse
705 2606 855 2663 'liressalos
868 2606 975 2663 ducens
994 2622 1094 2683 equos,

67 2692 154 2743 muts
166 2702 204 2741 ex
214 2683 325 2741 AEtoiia
337 2700 403 2742 curn
418 2684 496 2740 flavis
515 2686 607 2762 equis,
619 2687 759 2761 septimus
771 2687 816 2742 vir
826 2685 1004 2762 Magnesius,
1016 2692 1096 2743 octa·
1112 2673 1171 2742 705
1267 2688 1268 2692 ’

69 2762 195 2821 russlbis
206 2780 274 2819 cum
290 2765 371 2839 equis
391 2762 502 2820 AEnian
520 2781 638 2838 genere,
653 2781 747 2821 nonus
760 2764 797 2821 nb
816 2764 938 2821 Athenis
958 2764 1096 2822 divinitus

70 2841 192 2908 modius,
203 2842 329 2918 denique
341 2843 483 2908 Boeotius,
496 2841 597 2900 decem
614 2860 752 2901 curruum
765 2844 913 2918 complens
931 2861 1096 2901 numerum.

72 2915 176 2977 tusses
192 2928 301 2987 nutem,
326 2922 376 2979 ubi
395 2922 554 2998 unicuique
572 2921 678 2979 delecti
698 2922 836 2979 ludorum
849 2920 983 2996 prmsid'es
1004 2921 1097 2979 ductis
1113 2916 1174 2978 71⁰

73 2998 185 3057 turnum
195 2999 294 3056 iocum
315 3002 541 3078 assignaverant,
556 3018 671 3078 quoque
689 3002 875 3057 collocarunt>
887 3000 999 3067 ordine,
1011 3002 1098 3058 simul

74 3078 177 3137 umba
187 3079 306 3154 signum
319 3079 409 3145 dedit,
423 3087 593 3154 eruperunt,
616 3081 822 3153 increpitantes
846 3097 945 3155 equos,
958 3078 1098 3137 habenas-

74 3168 296 3235 ‹fssquassnntcs
317 3160 452 3217 monibus
463 3172 483 3229 ;‘
494 3165 590 3216 totum
611 3159 791 3232 completum
812 3165 874 3215 erat
886 3159 1012 3216 stadium
1024 3166 1098 3216 stre·

74 3233 126 3305 pitu
135 3237 342 3311 crepitantium
358 3255 508 3303 curruum,
521 3237 615 3313 pulvis
628 3239 659 3294 in
672 3238 764 3295 altum
776 3237 1012 3315 glomerabatur5
1039 3253 1099 3296 una
1114 3227 1174 3292 715

74 3316 286 3373 munimem
295 3318 450 3384 commisti,
458 3317 583 3374 stimulis
592 3316 669 3374 hnud
680 3316 847 3392 parcebant,
857 3324 891 3373 ut
899 3316 1099 3374 alteralterius

74 3399 139 3451 ruins
150 3394 365 3472 dementesque
379 3413 468 3474 equos
481 3404 668 3471 praeverteret
679 3420 686 3452 ι
702 3412 828 3473 namque
836 3396 959 3453 conferti
969 3394 1038 3471 equi
1050 3395 1100 3452 elii

75 3467 187 3533 dicmur
204 3475 373 3550 aurigarum
390 3477 423 3532 in
435 3483 520 3552 terga
541 3483 727 3552 rotarumque
740 3475 848 3531 orbitas
866 3491 1000 3550 spumam
1013 3474 1102 3532 fervi·

74 3544 343 3629 dnqoefundebsnt
355 3554 447 3611 flatus.
491 3555 542 3611 ilie
562 3564 661 3612 nutem
681 3554 736 3611 sub
756 3554 888 3613 ultimam
909 3560 1019 3610 metam
1035 3549 1099 3626 jnm
1114 3544 1176 3606 720

75 3641 180 3689 tursum
201 3648 301 3706 agens,
315 3635 432 3708 propius
454 3635 629 3709 propiusque
641 3633 812 3690 admovebat
834 3630 996 3689 modiolum
1015 3642 1097 3695 rote,

74 3702 210 3788 montique
223 3709 261 3766 ad
273 3709 404 3769 dextram
417 3730 493 3789 equo
505 3711 631 3768 habenas
651 3713 760 3776 laxnns,
773 3710 924 3768 sinistrum
935 3710 1099 3777 cohibebat,

75 3778 170 3851 Ethnc
183 3788 302 3866 quidem
313 3796 399 3847 tenus
411 3792 484 3848 recti
496 3808 598 3848 ornnes
610 3800 756 3848 steterunt
768 3793 886 3846 currus:
915 3788 1020 3846 deinde
1031 3808 1100 3847 vero

75 3859 196 3927 AEoianis
208 3868 262 3924 viri
274 3875 460 3927 contumaces
479 3869 601 3946 durique
613 3869 671 3925 oris
690 3869 757 3945 equi
778 3884 897 3929 currum
911 3868 938 3923 vi
954 3868 1099 3936 auferunt,
1117 3857 1179 3919 725

76 3951 100 3999 et
109 3964 142 4004 ex
153 3947 284 4011 adverso,
293 3964 383 4022 quum
395 3956 493 4005 sextus
502 3944 567 4020 jam
578 3949 776 4023 septimusque
788 3947 979 4004 conficeretur
991 3964 1101 4015 cursus,

75 4019 173 4083 frontes
184 4027 354 4102 impingunt
375 4025 501 4103 Libyssis
514 4026 678 4102 quadrigiss
702 4033 790 4103 atque
801 4019 877 4083 ‘inde
901 4042 962 4082 uno
974 4044 1011 4084 ex
1023 4027 1102 4083 malo

76 4100 137 4160 tlius
155 4103 247 4162 ulium
269 4104 429 4181 confringit
451 4105 696 4180 etsuperincidit:
725 4115 805 4163 totus
818 4122 886 4162 vero
908 4104 1036 4179 repletus
1059 4114 1102 4162 est
1149 4148 1154 4154 -

76 4183 213 4241 curulibus
232 4175 397 4258 'nnuFrngiis
430 4184 553 4243 Crisaeus
583 4200 712 4258 campus.
764 4184 851 4245 Quod
872 4183 928 4240 -ubi
952 4184 1102 4258 conspexit
1118 4171 1179 4232 73⁰

78 4255 250 4319 Atheniensis
261 4260 384 4319 callidus
394 4263 508 4337 surige,
521 4272 605 4320 extra
616 4262 741 4320 orbitam
761 4261 897 4327 deflectit,
911 4269 942 4317 et
954 4260 1038 4318 frena
1056 4262 1102 4319 in·

78 4332 155 4408 hibet,
167 4341 240 4399 dum
251 4341 473 4417 praetervehitur
482 4348 646 4419 equestrem
659 4343 815 4417 pmoellarn
824 4343 857 4399 iu
869 4340 967 4400 medio
979 4345 1103 4399 estuan-
1137 4413 1141 4419 Ι
