2776 4882
312 252 373 329 196
629 254 639 271 ‘
761 246 898 319 Aiax.

309 423 408 482 citavit
420 423 452 481 in
469 420 596 499 publicos
615 420 705 481 boum
722 434 839 499 greges,
853 421 1012 481 fortassean
1027 418 1067 481 ob
1084 419 1210 483 victorias
1221 414 1353 493 alieuius

309 501 388 560 haud
400 503 521 560 relatam
531 502 666 579 gratiam,
679 501 738 557 aive
749 500 909 576 spoliorum
921 500 1096 576 inclytorum
1107 498 1242 561 lrantlnta
1248 499 1347 566 donia

118 665 120 669 ἲ
237 583 295 640 teo
309 578 469 657 sire'parte
483 581 621 639 venatica
633 579 753 656 pmdar3
775 578 821 637 vel
832 596 938 639 aeream
956 578 1037 637 Mars
1049 578 1169 637 indutus
1178 578 1302 637 loricam
1314 576 1348 635 id

310 659 364 717 rint
375 676 552 721 suscensens.
566 657 642 736 quoa
655 658 723 715 soen
735 659 767 714 rn
776 656 853 717 neno
863 658 969 717 anons
978 659 1131 734 praemium
1142 640 1348 725 mutirem,

310 740 459 797 nocturnis
470 738 610 797 machinis
621 737 700 795 ultus
712 743 755 795 est
768 736 982 797 contumeliam.
1003 735 1074 795 Non
1081 736 1160 794 enim
1167 742 1221 793 tua
1227 742 1347 811 sponte,

237 814 292 871 165
309 814 524 883 Telamoniade,
545 833 581 873 eo
602 815 732 873 stultitiae
753 814 902 881 defleristi
915 823 949 874 ut
970 813 1063 873 sicin
1083 832 1189 891 greges
1207 814 1346 873 artures.

308 894 419 959 Quidni
430 894 575 973 ingruem
590 894 708 952 nmrhus
723 892 879 951 divinitus?
899 894 950 953 sed
961 902 1058 955 emeat
1069 892 1186 969 Jupiter
1195 900 1226 949 et
1237 891 1348 967 Apollo

309 972 416 1033 malam
428 974 604 1051 Argivorum
615 973 733 1030 amam.
762 972 815 1029 Sin
827 973 963 1031 confictas
974 973 1079 1035 furtim
1093 970 1222 1029 subdunt
1233 970 1348 1029 fabulas

235 1050 293 1122 190
309 1052 409 1129 magni
420 1069 512 1129 reges,
525 1057 576 1110 aut
589 1052 653 1129 quia
665 1068 683 1107 e
696 1052 869 1127 nequissimo
879 1051 1094 1127 Sisyphidarum
1105 1066 1223 1127 genere,
1233 1066 1284 1116 ne,
1293 1048 1348 1107 ob·

307 1146 389 1188 sacro
407 1138 447 1197 te,
470 1149 517 1198 ne,
539 1130 614 1197 Rex,
636 1128 760 1205 amplius
781 1129 823 1186 ita
844 1129 877 1187 in
896 1131 1048 1189 maritimis
1067 1129 1199 1186 tentoriis
1211 1126 1345 1195 delitam,

308 1209 391 1267 malis
401 1209 527 1287 flagrans
540 1209 721 1278 rumoribus;
743 1215 775 1265 at
790 1225 877 1284 surge
899 1227 916 1265 e
935 1208 1059 1285 sedibus,
1080 1208 1132 1265 nbi
1148 1206 1236 1267 nimis
1253 1207 1347 1285 longa

235 1285 291 1343 195
308 1287 398 1345 hares
416 1286 528 1345 defixus
539 1288 594 1345 hac
612 1287 698 1345 anxia
713 1304 805 1352 mora,
817 1288 929 1345 omlitus
943 1288 1099 1347 immissam
1112 1284 1273 1343 incendam
1289 1302 1359 1343 non

307 1383 392 1437 xum,
413 1366 611 1424 intereavero
632 1366 817 1423 inimicorum
839 1366 1000 1440 petulantia
1018 1364 1099 1424 nullo
1117 1364 1246 1423 cohibita
1261 1371 1347 1423 matu

306 1456 417 1503 temere
434 1453 582 1521 gramatur
602 1446 726 1501 ventosis
746 1445 778 1501 in
800 1443 929 1508 saltibus,
949 1444 1018 1501 dum
1042 1461 1143 1501 omnes
1161 1442 1344 1513 multorum

152 1578 156 1585 .
231 1518 291 1574 200
306 1520 448 1582 cachinno
460 1524 589 1601 convicia
606 1522 638 1580 in
656 1530 686 1579 te
703 1521 856 1580 effundunt
872 1523 1072 1593 acerbissima;
1092 1539 1149 1599 ego
1161 1536 1232 1579 vero
1241 1520 1346 1581 doloro

305 1602 381 1659 conii
404 1620 446 1660 or.
1125 1601 1128 1607 '
1204 1636 1207 1641 -

343 1620 466 1738 TficM.
486 1678 610 1737 Navalos
622 1675 718 1750 ajacis
729 1679 809 1745 socii,
822 1679 966 1757 indigenis
980 1677 1164 1737 Erechthidis
1176 1678 1297 1745 satiust
1308 1682 1347 1739 ut

304 1774 467 1835 gemamus,
480 1758 644 1834 quicunque
661 1757 850 1834 longinquam
867 1776 1002 1816 curamus
1021 1757 1188 1815 Telamonis
1199 1758 1343 1829 domum

169 1905 174 1918 ¹
229 1833 288 1890 205
306 1853 430 1913 namque
449 1836 639 1894 formidabilis
655 1835 715 1902 ille,
735 1836 785 1893 ille
804 1838 917 1912 ingens,
936 1842 1132 1914 proeatansque
1148 1835 1253 1894 robore
1266 1832 1347 1909 Aiax

303 1914 420 1972 turbida
431 1932 510 1973 nunc
518 1910 596 1985 jacet
607 1931 721 1990 pressus
732 1926 911 1989 tempestate.
1292 1976 1295 1983 ,

138 2018 144 2023 ·
349 1991 415 2053 CH.
433 1994 599 2055 Quamnam
612 2010 667 2068 pro
679 1993 815 2050 hesterno
826 2001 904 2052 statu
922 2010 981 2051 nox
992 1993 1056 2051 hee
1067 1993 1176 2050 invexit
1240 1990 1284 2049 vie
1295 1990 1343 2051 in*-

228 2068 289 2124 alo
302 2070 425 2130 fonunii
442 2072 554 2128 vicem?
576 2070 641 2137 Dic,
654 2072 715 2128 iilia
733 2072 852 2149 Phrygii
866 2071 1057 2130 Teleutautis.
1097 2072 1163 2135 Qua
1204 2070 1345 2148 oquidem

302 2152 445 2226 captivam
458 2150 581 2226 diligens
601 2157 640 2218 te,
656 2150 723 2207 lecti
741 2151 849 2209 sociam
869 2151 940 2209 colit
958 2145 1045 2222 Ajar,
1066 2146 1153 2222 hujus
1174 2151 1218 2207 rei
1234 2164 1343 2226 gnara,

302 2228 407 2287 docere
420 2246 474 2286 nos
486 2230 586 2304 possis.
685 2269 701 2287 t

225 2304 286 2362 215
328 2306 462 2367 TECM.
482 2305 545 2371 Qut
552 2306 671 2367 tandem
678 2324 838 2367 memorem
846 2307 958 2366 facium
965 2304 1138 2365 infandum?
1153 2310 1250 2363 morte
1258 2304 1343 2371 enirn

300 2384 379 2445 haurd
390 2386 489 2446 minus
500 2403 589 2463 grave
600 2386 712 2445 malum
723 2386 832 2445 audies.
851 2386 968 2461 Quippe
982 2385 1035 2442 hac
1048 2391 1134 2447 nocte
1146 2384 1245 2442 furore
1257 2390 1344 2445 aum

300 2464 426 2541 inclytus
450 2461 528 2536 ajax
553 2472 652 2523 noster
679 2464 810 2541 pudendi
834 2465 938 2541 flagitii
962 2470 1079 2539 turpem
1103 2463 1192 2521 subiit
1216 2470 1342 2535 natanta

300 2544 545 2620 quemadmodum
566 2543 660 2601 videas
679 2544 757 2602 intra
777 2545 905 2601 tentoria
926 2543 1031 2601 occisas
1051 2542 1174 2619 pecude
1192 2550 1344 2611 nunnus,

224 2620 286 2678 220
299 2617 388 2693 huius
401 2622 547 2680 lanienim
559 2622 623 2679 viri.

338 2698 404 2757 CH.
423 2699 547 2760 Qualem
559 2699 597 2757 de
613 2697 717 2756 fervidi
728 2697 820 2757 animi
835 2701 897 2756 viro
910 2698 994 2757 affers
1012 2700 1086 2759 mihi
1105 2698 1253 2768 nanuum,
1274 2718 1343 2767 rom

223 2776 284 2834 225
299 2777 521 2846 intolerandam,
534 2794 588 2836 nec
601 2784 700 2835 tamen
713 2777 884 2844 evitabilem,
898 2795 985 2855 quam
998 2779 1139 2854 primores
1147 2778 1244 2837 Danai
1255 2778 1343 2839 diffe-

298 2864 369 2914 runt
377 2856 552 2925 rumoribus,
562 2862 728 2934 augentque
735 2858 909 2934 porrovolgi
919 2859 1084 2916 sermones?
1101 2856 1260 2921 Heimihi!
1274 2876 1342 2917 me-

223 2931 285 2990 930
297 2942 351 2993 tuo
364 2935 535 3011 impendens
543 2936 670 2995 malama
685 2935 781 3010 palam
793 2942 837 2993 est
847 2937 942 2993 virum
953 2936 1063 2993 furiosa
1070 2952 1160 2995 manu
1169 2936 1343 2999 masmana

296 3014 504 3149 eonspilturum,
516 3022 552 3074 ut
562 3032 632 3072 ense
640 3022 762 3072 cruento
773 3015 982 3074 contrucidavit
992 3013 1124 3091 pecudes,
1133 3013 1342 3097 pecudumque

296 3098 359 3151 aaut
398 3110 437 3151 es.
1287 3132 1290 3137 -

334 3169 455 3231 Tacts.
476 3168 535 3229 Hei
546 3168 636 3230 mihi!
658 3169 726 3230 inde
741 3170 843 3248 igitur,
857 3169 925 3229 inde
937 3172 1020 3231 nobis
1032 3171 1201 3241 constrictas
1212 3170 1348 3233 visonta

219 3245 281 3305 285
296 3250 376 3307 venit
387 3266 477 3327 agens
488 3249 623 3327 pecudes,
637 3267 762 3327 quarum
780 3251 851 3308 alias
869 3251 948 3309 intus
965 3252 1047 3309 humi
1059 3260 1164 3309 stratas
1175 3245 1339 3329 jugulavit,

294 3328 367 3388 alias
372 3329 469 3387 divisit
476 3327 594 3396 medias,
601 3330 687 3386 costis
695 3328 839 3400 dissectis;
850 3330 977 3387 candidis
984 3338 1084 3388 autem
1091 3320 1339 3405 duobmarraptb

294 3408 443 3475 arietibus,
455 3403 544 3479 hujus
556 3413 644 3484 caput
660 3413 689 3463 et
708 3413 869 3467 extremam
880 3408 1013 3484 linguam
1025 3407 1165 3484 praecidit,
1179 3404 1339 3487 abjicitque

219 3486 282 3542 240
294 3486 396 3563 procul
403 3511 413 3557 ς
434 3485 518 3545 illum
530 3503 600 3544 vero
615 3495 729 3543 rectum
749 3503 863 3545 srnsnm
881 3487 1025 3547 columnae
1038 3488 1138 3564 alligat
1150 3486 1257 3563 grandi
1268 3486 1339 3549 luno

294 3565 432 3643 equestri,
445 3564 635 3643 verberatque
649 3580 756 3622 sonora
767 3565 874 3641 duplici
888 3566 1006 3632 scutica,
1019 3565 1104 3624 dictis
1115 3566 1261 3629 insessam
1270 3578 1340 3627 m·

293 3644 340 3710 lis,
373 3662 418 3703 nae
429 3643 514 3703 furor
524 3644 616 3712 illum,
630 3642 708 3701 lraud
720 3661 788 3702 sane
800 3651 886 3702 natus
898 3645 988 3701 homo
1000 3645 1088 3710 ullus,
1099 3642 1226 3703 edoeuit.

219 3720 279 3781 245
333 3720 358 3780 C
393 3766 400 3781 .
419 3723 488 3781 Jam
500 3729 614 3799 tempus
635 3729 680 3780 est
701 3740 783 3799 ergo,
801 3730 836 3780 ut
855 3723 975 3800 quisque
996 3722 1135 3783 obvoluto
1145 3723 1243 3798 eapite
1256 3722 1336 3787 elan

220 3806 280 3863 2⁵0
294 3800 414 3875 pedibus
425 3801 528 3879 fugam
547 3801 676 3877 arripiat,
689 3810 741 3859 aut
760 3803 947 3877 pontivagam
959 3802 1068 3859 insiliat
1080 3802 1114 3859 iu
1131 3819 1244 3867 narem,
1261 3802 1335 3863 inat·

293 3878 418 3957 deatque
426 3879 526 3936 celeria
539 3880 737 3956 remigationis
750 3888 885 3937 transtro.
924 3876 1230 3951 Talesjactaotinnos
1238 3880 1354 3943 minet·

188 4000 191 4005 >
225 3953 228 3961 ’
292 3958 405 4035 gemitu
417 3957 505 4015 duces
516 3958 625 4016 Atridae
637 3978 644 4013 ι
660 3967 761 4016 metuo
770 3976 807 4033 pe
820 3958 963 4033 lapidibus
976 3960 1126 4034 impetitus
1138 3961 1244 4023 maere
1254 3976 1335 4021 mm·

219 4040 278 4099 255
292 4045 354 4093 tem
379 4044 525 4130 oppetam,
538 4036 675 4116 luemque
694 4054 761 4095 cum
778 4054 815 4094 eo
835 4037 984 4114 supplicia,
1000 4052 1094 4116 quem
1116 4037 1170 4097 nri
1191 4040 1235 4099 vis
1249 4038 1334 4101 inm·

292 4114 458 4253 puqqagqlps
471 4123 786 4273 llIlrgrfturgtetamplius.
825 4194 922 4252 Furor
932 4198 1012 4253 enim
1024 4192 1334 4261 demutatarum
1378 4152 1384 4172 ¹

290 4270 368 4332 eeler
388 4272 589 4355 impetusqui
609 4274 672 4333 sine
684 4290 803 4334 corusco
818 4274 937 4357 fadgtne
958 4280 1076 4337 onerum
1098 4281 1154 4337 sat.
1190 4276 1236 4339 At
1252 4286 1332 4341 m
