2776 4882
466 266 696 340 sincrum
1030 276 1097 353 ssu
1167 273 1172 283 ·
1213 248 1222 267 ‘

94 432 243 513 emus.
261 444 304 504 nt
315 394 394 504 enim
407 458 472 523 quse
484 438 563 505 iecra
573 441 643 505 'sunt
654 436 867 523 nonnunquam
878 448 994 504 nocent.

92 518 164 593 EL-
185 522 249 581 Has
260 520 412 601 egojrrxta
423 523 503 601 leges
515 526 700 583 noloviuers.
826 598 828 602 ι

49 604 54 611 ’
93 598 247 660 nimus,
265 603 323 661 Sed
334 604 358 660 si
370 605 412 683 ita
422 621 501 683 ages,
514 604 667 679 postmodo
679 602 808 661 laudabis
819 619 877 660 me.

91 674 167 737 En:
180 680 325 758 Equidem
337 698 433 758 agam,
447 682 582 741 terricula
595 690 647 740 tua
658 682 734 740 nihil
745 698 853 739 moror.
1112 675 1188 739 1045

91 756 242 817 CHRYS.
262 758 398 819 Etiamne
410 761 466 817 hoe
478 768 602 827 certum,
615 778 709 837 neque
721 760 875 819 consilium
887 756 1012 818 mutabis
1022 758 1036 816 l

92 832 162 894 Eu.
181 838 312 895 Consilio
323 839 404 897 enim
415 838 491 896 nihil
501 847 544 895 est
557 840 683 898 odiosius
696 840 782 897 malo.

93 912 244 975 cliuus,
262 917 432 993 Intelligere
444 917 548 974 sideris
558 918 632 975 nihil
643 934 746 982 eorum
759 936 825 995 quse
835 916 949 995 loquor.

91 988 162 1051 lin.
180 993 260 1052 Olim
272 995 390 1055 decreta
400 1000 470 1053 sunt
482 997 544 1053 haee
555 996 639 1061 mibi,
652 1005 714 1054 non
726 1011 828 1071 nuper.

93 1068 241 1131 CHRYS.
256 1073 350 1133 Abibo
358 1074 466 1151 igitum
485 1091 579 1153 neque
591 1077 671 1135 eninr
682 1082 717 1133 tu
730 1092 795 1133 mes
806 1074 883 1133 diets
894 1072 1018 1132 sustines
1026 1086 1094 1149 pru⁴
1113 1074 1191 1136 1060

54 1142 139 1219 bare,
151 1166 247 1227 neque
256 1170 315 1229 ego
327 1159 393 1211 tuos
406 1170 509 1210 mores.
602 1152 605 1161 '

94 1226 162 1287 Eis
179 1229 261 1293 erin
278 1230 328 1288 abi
345 1231 476 1289 domum.
513 1230 584 1289 Non
603 1249 660 1309 ego
678 1231 742 1296 tibi,
755 1246 794 1288 ne
805 1230 964 1305 impensius
977 1229 1094 1307 quidem

51 1306 197 1383 mpisnti,
212 1326 310 1367 eomes
333 1310 435 1368 futura
451 1327 517 1367 sum
536 1327 678 1388 unquam.
715 1309 795 1368 Nam
816 1326 924 1385 magna
948 1308 1095 1367 denie'ntia

54 1394 115 1451 nst,
127 1387 226 1445 venari
239 1387 270 1446 id
282 1386 359 1466 quod
372 1405 515 1465 nusquam
526 1389 572 1447 sit.
647 1442 651 1447 .

96 1462 244 1525 CHRYS.
261 1467 305 1524 At
314 1468 341 1525 si
357 1467 412 1524 tibi
430 1467 485 1543 ipsi
503 1484 603 1544 sapere
614 1464 729 1530 videris,
741 1467 811 1525 talin
828 1466 898 1524 licet
915 1466 1025 1543 sapias:
1045 1482 1093 1523 re·
1113 1467 1189 1527 loss

54 1557 127 1603 rum
138 1542 191 1602 ubi
202 1544 235 1603 in
246 1546 323 1619 mals
330 1542 394 1617 jam
405 1545 549 1619 indideris,
562 1564 628 1605 mea
639 1545 773 1622 probabis
785 1546 870 1603 dicta.

96 1618 166 1681 CH.
184 1622 397 1691 Cur‚·obseero,
414 1641 509 1702 ¹quum
527 1642 652 1699 superne
670 1625 831 1682 introientes
848 1640 913 1681 aves
932 1622 1094 1681 cordatissi-

54 1699 277 1761 nnsvidenmus
295 1704 499 1761 earumvi'rtui
517 1704 690 1779 prospicere,
704 1704 838 1779 aquibus
856 1710 1007 1779 prognata
1026 1708 1095 1759 sunt
1113 1710 1193 1767 1000
1253 1749 1255 1753 1

54 1785 87 1837 et
99 1777 240 1847 edueatae,
252 1781 403 1839 nunidem
415 1788 446 1838 et
465 1798 518 1838 nos
534 1783 669 1857 'agimw
704 1781 743 1838 At
761 1782 803 1839 ita
822 1790 857 1838 ut
874 1781 954 1838 lovis
972 1781 1096 1839 fulmina
1256 1800 1264 1812 ··

57 1862 138 1924 sunt,
159 1865 192 1917 et
211 1866 256 1917 est
277 1860 393 1917 eoeleste
414 1876 525 1917 numen
546 1860 686 1929 lustitire,¹
704 1876 765 1917 non
784 1860 835 1917 diu
854 1859 891 1917 ab
910 1859 966 1917 illis
984 1860 1190 1925 malnm1065

57 1932 162 1993 aberit.
201 1936 231 1995 0
243 1943 352 2013 terram
370 1937 486 2011 subiens
504 1940 672 1997 mortalium
691 1937 779 2004 fama
792 1938 984 1996 miserabilem
996 1954 1095 1995 vocem

59 2013 178 2091 increpa
199 2015 345 2075 defunmis
369 2016 488 2083 Atridis,
513 2018 670 2081 illaetabilia
694 2018 833 2075 nuntians
863 2016 1036 2093 opprobria:
1062 2028 1096 2073 ut
1115 2023 1193 2087 1070

60 2084 122 2161 ism
141 2092 198 2151 illis
218 2112 266 2153 res
289 2095 454 2153 domestice
473 2096 586 2154 afflicta
610 2102 690 2163 sunt,
711 2106 802 2173 utque
827 2095 944 2152 diversis
968 2096 1098 2169 abreptae

63 2170 162 2229 studiis
172 2172 242 2231 filiu
254 2173 466 2241 dissidentum
478 2175 602 2250 anrplius
614 2178 833 2250 componuntur
844 2174 938 2232 amico
946 2176 1095 2231 convictu:

66 2248 175 2323 1¹0de
184 2270 255 2311 vero
265 2258 300 2311 ae'
311 2254 372 2310 sola
383 2253 500 2310 Electra
511 2255 604 2311 vieem
620 2254 710 2326 patris
727 2252 828 2311 dolens
847 2260 989 2333 perpetuo
1004 2249 1097 2323 jacta·
1116 2260 1193 2323 1015

69 2334 114 2385 tur
134 2329 167 2388 in
187 2332 281 2400 luctu,
302 2339 337 2389 ut
357 2348 471 2406 semper
493 2330 595 2388 flebilis
614 2331 748 2397 luscinia,
769 2331 881 2389 nullam
905 2333 973 2387 vitae
998 2348 1097 2388 euram

71 2398 182 2480 babens,
192 2412 263 2489 quin
274 2418 306 2467 et
317 2410 393 2469 mori
404 2416 514 2486 parata,
527 2409 687 2468 dummodo
698 2411 830 2486 geminae
842 2411 986 2485 opprimat
998 2411 1097 2466 ludas.
1115 2416 1193 2471 1080

74 2476 233 2561 vanamne
252 2490 309 2547 ma
330 2490 383 2547 tan
403 2490 503 2547 animo
523 2489 643 2565 reperiri
663 2488 754 2564 possit
771 2488 864 2545 noent
882 2495 951 2545 nata
968 2489 1097 2564 generes

74 2554 164 2627 Rebu‘s
175 2570 209 2629 in
219 2568 344 2627 adversis
357 2584 444 2626 nemo
455 2584 611 2644 generosus
624 2568 805 2626 nobilitatem
824 2584 907 2625 suam
926 2567 1099 2624 dedecorare

73 2649 197 2715 munet,
215 2664 272 2706 nee
290 2646 472 2719 committere
493 2653 529 2704 ut
549 2646 627 2704 fama
648 2644 778 2705 nominis
793 2642 938 2703 intereat:
960 2662 1049 2723 quare
1069 2652 1116 2701 et-

75 2718 131 2794 tibi,
141 2728 161 2785 0
171 2726 243 2795 filia,
255 2724 459 2802 eomplscitum
471 2734 515 2781 est
527 2731 670 2803 perpetuo
680 2725 713 2783 in
728 2724 812 2783 luctu
825 2726 918 2782 vivere
936 2724 1099 2782 communis
1116 2733 1195 2790 1085

71 2805 244 2873 ceremiam,
256 2812 292 2863 ut
305 2805 461 2881 profligato
473 2804 592 2873 scelere,
605 2802 749 2880 duplicem
761 2802 877 2861 laudem
889 2802 993 2861 eodem
1006 2804 1100 2860 eonsi-

68 2866 110 2941 ¹iu
118 2885 309 2962 consequaris,
321 2884 492 2960 sapiensque
503 2882 571 2949 diei,
582 2882 725 2959 simulque
740 2883 852 2957 optima
871 2880 938 2939 filia.
978 2881 1099 2940 Utinam
1116 2891 1208 2947 1000·

67 2962 144 3023 vivas
151 2963 235 3032 milri,
244 2978 419 3040 superosque
427 2978 517 3019 manu
526 2970 556 3019 et
568 2960 670 3037 opibus
678 2960 811 3019 inimicos
823 2966 948 3025 tanturn,
959 2969 1100 3037 quantum

60 3046 147 3101 nune
167 3042 205 3101 ab
226 3041 284 3100 illis
306 3038 495 3117 opprimeris!
517 3058 586 3099 nam
606 3046 636 3096 te
656 3039 763 3115 iniquis
781 3040 849 3097 fatis
866 3038 995 3097 exerceri
1006 3038 1099 3105 video,
1117 3047 1193 3102 10⁹5

61 3118 182 3179 tametsi
198 3120 401 3185 sanctissimas,
422 3136 487 3196 quae
509 3117 587 3194 apud
608 3118 740 3175 homines
760 3119 870 3194 vigent,
890 3117 968 3195 leges
991 3118 1100 3195 optime
1164 3128 1167 3133 ’

54 3202 200 3259 omnium
211 3199 334 3257 coluisse
345 3196 514 3274 perhiberis,
525 3204 578 3254 tua
588 3206 659 3271 erga
670 3195 772 3255 Jovem
784 3199 900 3273 pietate.
1070 3208 1077 3219 ·

108 3277 172 3337 OB„
191 3277 284 3345 Num,
296 3276 316 3335 0
334 3274 481 3345 mulieres,
493 3282 572 3336 reete
590 3275 762 3353 accepimus
774 3282 910 3357 recteque
920 3292 967 3344 eo,
981 3290 1042 3353 quo
1053 3292 1102 3333 vo·

52 3338 177 3427 tumim,
189 3356 372 3433 ingredimur
382 3355 428 3413 vis
439 3356 450 3412 ?

107 3436 173 3495 0Ηρ
191 3435 398 3512 Qud-queris,
411 3440 462 3492 aut
475 3432 545 3511 quid
556 3436 675 3512 cupiens
686 3436 747 3496 hue
758 3432 879 3494 venisti?
1120 3438 1197 3503 1100

106 3514 172 3574 on.
192 3514 372 3590 Algisthum,
384 3513 437 3571 ubi
449 3513 571 3583 habitet,
584 3532 682 3591 quaero
694 3516 813 3574 dudum.

107 3592 176 3652 cu.
193 3592 284 3669 Atqui
295 3592 474 3665 reetesenis,
488 3593 594 3670 quique
606 3595 785 3658 monstravit,
799 3591 884 3666 culpa
895 3600 982 3652 caret.

107 3670 173 3731 ΟΒ.
192 3670 271 3732 Quas
279 3671 371 3749 igitur
383 3670 511 3728 vestrum
526 3674 605 3729 intro
624 3672 802 3729 renuntiabit
821 3676 960 3735 nostram,
973 3671 1024 3751 qui
1045 3671 1105 3729 hue

57 3752 129 3823 Qus
140 3749 322 3818 advenimus,
333 3755 500 3825 exoptatam
513 3750 695 3825 praesentiam
707 3752 717 3807 i

110 3828 174 3887 CH.
188 3828 405 3905 Ists,siquidem
413 3828 576 3903 proximam
583 3846 690 3903 genere
698 3828 836 3888 nuntium
842 3829 921 3886 hune
927 3828 1004 3887 ferre
1012 3826 1104 3888 decet.
1121 3833 1197 3889 1105

109 3906 175 3967 01³„
193 3906 221 3977 1,
233 3906 348 3973 mulier,
361 3905 408 3966 die
419 3908 557 3985 ingressa,
570 3908 732 3977 Rhocenses
744 3907 966 3984 quosdamviros
977 3924 1105 3987 quaerere

166 4108 175 4123 ,
194 4064 255 4123 Hei
267 4064 342 4123 mihi
359 4063 492 4123 misere!
513 4080 596 4132 num,
610 4065 814 4143 queso,illius,
827 4084 916 4145 quam
934 4064 1105 4130 audivimus,
1210 4084 1217 4101 ³

51 4136 158 4221 ⁸inmte
169 4141 505 4202 oertaaffertisindicia?
601 4144 605 4151 ”

117 4220 176 4281 011
194 4221 403 4299 Nescioquam
421 4220 560 4309 pmdieas
578 4221 707 4286 famam:
728 4222 778 4283 sed
794 4240 883 4283 senex
895 4240 942 4283 me
955 4222 1203 4301 Strophiuslllu
1289 4256 1294 4267 ·

87 4298 621 4379 sudmdeomtenmuaresmit.
654 4344 658 4355 .
916 4358 921 4365 .

383 4394 388 4401 ·
537 4384 634 4444 212
744 4443 748 4449 .
