2776 4882
321 278 387 348 232
423 318 432 329 s
677 271 1013 354 PHILOCTETES.

245 463 305 520 910
327 512 332 521 ,
360 452 468 513 PHIL.
488 452 542 513 Vir
560 454 618 523 hie,
632 455 687 514 nisi
707 475 756 514 me
772 458 886 516 animus
899 459 983 528 fallit,
997 460 1166 538 proditurus
1178 481 1227 522 me
1238 460 1367 536 ridetur,

217 532 222 543 '
320 532 426 610 m'eque
439 534 488 591 hic
501 534 613 601 relicto,
626 537 775 594 soluturus
788 556 900 595 navem.
1095 606 1099 613 ⁴

359 612 505 671 NEOPT.
525 612 613 671 Haud
627 614 761 691 equidem
773 622 803 672 te
816 617 934 687 relicto;
955 618 1006 676 sed
1021 637 1057 675 ne
1070 618 1251 681 cumdolore
1264 629 1319 682 tuo
1332 631 1365 683 te

277 705 282 725 ·
318 691 470 755 abducam,
485 693 532 749 hic
546 711 593 750 me
606 693 718 750 dudum
730 695 814 770 angit
826 704 931 753 metus.

358 770 466 831 PHiL.
487 770 565 833 Quid
586 771 639 828 tibi
661 772 713 838 vis,
735 773 754 830 ὁ
777 772 828 837 fili,
851 774 991 832 obsecro?
1013 776 1101 836 verba
1120 787 1254 840 tuanen
1277 780 1367 840 intel·

318 849 388 927 ligo.

243 938 302 995 915
359 927 504 987 NEOI'I'.
525 928 608 986 Nihil
628 937 657 986 te
676 929 792 986 celabo:
815 939 930 1006 oportet
950 933 1030 992 enirn
1050 935 1088 993 sd
1105 926 1226 1011 Trojam
1239 943 1271 994 te
1282 941 1364 998 navi·
1380 968 1385 983 ·

317 1026 388 1088 gare
401 1008 438 1064 ad
450 1008 583 1073 Achivos,
597 1015 626 1065 et
640 1007 811 1066 Atridarum
823 1011 952 1068 classem.

356 1086 464 1144 PHIL.
485 1085 544 1143 Hei
556 1087 629 1144 mihi
640 1088 647 1142 !
671 1087 740 1163 quid
751 1088 870 1145 dixisti?

355 1164 501 1224 NEOPT.
521 1165 569 1222 Ne
582 1167 748 1241 ingemisce,
763 1170 930 1244 prinsquam
944 1187 1006 1227 rem
1019 1170 1160 1230 didiceris.

356 1244 463 1303 PHIL.
484 1244 563 1305 Quid
576 1244 704 1301 discam?
746 1246 824 1307 Quid
837 1249 909 1303 mihi
922 1249 1018 1306 facere
1032 1251 1151 1307 tandem
1164 1254 1267 1327 paras?

355 1322 499 1383 NEOI’I'.
520 1324 652 1381 Primum
673 1322 792 1404 quidem
811 1332 841 1380 te
861 1325 897 1383 ab
917 1327 962 1383 his
981 1332 1118 1387 aerumnis
1138 1331 1274 1401 liberare,
1294 1338 1358 1393 tunt

168 1416 171 1422 ’
240 1416 301 1473 990
314 1402 464 1483 profectus
476 1408 574 1460 tecum
587 1399 684 1477 Trojae
696 1420 812 1478 campos
826 1402 981 1465 devastare.

354 1479 462 1540 PHIL.
483 1482 523 1539 Et
536 1482 593 1538 ista
605 1483 680 1538 serio
693 1482 787 1538 facere
800 1484 929 1559 cogitas?

315 1640 323 1657 1
353 1558 499 1656 ΝῌΟΡΓ.
520 1561 567 1618 Ita
586 1568 631 1617 est
651 1577 768 1636 prorsus
789 1577 919 1634 necesse,
942 1580 1030 1641 quare
1050 1564 1113 1623 haec
1131 1565 1252 1635 audiens
1271 1586 1358 1644 parce

313 1658 405 1700 trasei.

353 1718 463 1778 PHIL.
483 1718 563 1776 Perii
581 1718 678 1782 miser,
696 1717 827 1793 proditus
845 1736 919 1777 sum·
960 1720 1040 1783 Quas
1060 1724 1144 1789 mihi,
1157 1724 1271 1800 hospes,
1285 1726 1355 1785 insi-

313 1799 375 1857 dias
387 1799 496 1855 struis?
518 1796 606 1855 redde
619 1796 692 1853 mihi
704 1798 918 1871 quamprimum
932 1816 1032 1858 arcum
1045 1810 1075 1859 et
1088 1805 1216 1879 sagittas.

238 1889 297 1947 925
349 1876 497 1934 NEOPl'.
517 1877 556 1933 At
576 1874 740 1932 nonlicet:
762 1877 978 1953 magistratibus
997 1882 1076 1940 enim
1094 1882 1301 1940 auscultareet
1313 1879 1356 1942 tas

313 1972 361 2015 me
374 1957 454 2031 cogit
466 1965 496 2011 et
508 1955 627 2011 utilitas.
1382 2016 1386 2025 ,

352 2034 460 2092 PHIL.
481 2034 509 2089 0
529 2032 604 2110 ignis
624 2038 667 2097 tu,
681 2039 712 2087 et
732 2039 826 2090 terror
844 2036 1211 2117 menu,pessimarumque
1231 2040 1355 2098 astutia·

311 2131 379 2171 rum
398 2113 503 2170 artifex
522 2112 701 2178 invisissimo,
722 2113 817 2187 qualia
839 2113 912 2170 mihi
931 2113 1039 2171 fecisti!
1065 2116 1170 2193 quibus
1189 2135 1238 2175 me
1259 2118 1356 2177 lusisti

311 2191 401 2249 dolis!
424 2191 494 2249 Non
507 2197 536 2248 te
549 2190 683 2265 dispudet
695 2208 743 2248 me
755 2191 875 2261 intueri,
885 2192 984 2271 quiffad
996 2211 1094 2270 genua
1106 2202 1157 2252 tua
1168 2197 1357 2270 provolutus,

236 2284 297 2345 930
311 2273 432 2347 supplex
454 2278 522 2328 tuus
544 2269 636 2326 factus
657 2287 734 2335 sum,
755 2268 774 2327 d
793 2271 947 2346 improbe?
971 2270 1115 2330 abstulisti
1137 2276 1211 2333 urihi
1229 2275 1353 2343 uerum,

168 2404 172 2411 ,
197 2396 206 2413 .
235 2358 259 2422 ,ὓ
299 2361 412 2426 erepto
431 2367 526 2407 arcu·
547 2347 660 2414 Redde,
680 2347 799 2405 obsecro
821 2355 860 2415 te,
879 2349 977 2416 redde,
991 2369 1099 2427 quaeso,
1118 2352 1178 2410 fili:
1199 2370 1252 2430 per
1272 2353 1352 2412 Deos

310 2431 420 2505 patrios
432 2446 494 2494 oro,
508 2429 616 2497 victum
629 2445 666 2484 ne
680 2426 752 2485 mihi
764 2427 885 2486 auferas.
925 2428 984 2486 Hei
1002 2431 1075 2487 mihi
1094 2432 1216 2489 misero!
1257 2434 1301 2491 At
1314 2450 1351 2491 ne

233 2519 291 2575 935
310 2508 426 2587 quidem
438 2508 562 2583 amplius
575 2524 622 2562 me
635 2505 800 2582 alloquitur,
811 2507 871 2571 sed,
883 2514 916 2564 ut
929 2525 1010 2565 arma
1023 2527 1171 2589 nunquam
1182 2513 1352 2579 amissurus,

308 2589 413 2645 avertit
426 2587 548 2643 vultum.
569 2584 597 2640 0
610 2592 721 2659 portus,
736 2587 754 2641 0
767 2586 966 2659 prominentes
978 2589 1097 2662 scopuli,
1111 2586 1351 2650 dmontanarum

307 2665 436 2723 ferarum
449 2663 649 2728 contubernia,
663 2662 682 2719 0
694 2671 850 2738 praerupte
867 2681 965 2740 rupes,
979 2667 1058 2725 vobis
1078 2669 1140 2725 haec
1151 2685 1260 2746 queror
1264 2694 1275 2745 5
1298 2686 1360 2728 ne·-

305 2742 417 2801 'miuem
438 2743 517 2799 enim
536 2740 626 2799 alium
645 2742 723 2807 novi,
736 2743 784 2798 cui
803 2743 921 2818 loquar:
944 2743 1022 2818 apud
1034 2762 1084 2802 vos
1103 2757 1260 2822 praesentes
1278 2764 1349 2807 con·

230 2834 291 2890 940
306 2832 459 2900 suetosque
472 2821 544 2879 mihi
557 2820 686 2895 deploro,
699 2820 796 2896 qualia
807 2822 839 2877 in
852 2840 899 2879 me
911 2823 1040 2882 facinora
1056 2825 1115 2883 desi
1176 2828 1218 2883 vit
1229 2826 1349 2885 Achillis

307 2901 400 2958 filius:
417 2896 535 2973 juratus
547 2918 577 2956 se
590 2898 783 2957 abducturum
796 2918 845 2957 me
856 2900 988 2969 domum,
1001 2903 1039 2960 ad
1049 2900 1110 2962 Tro
1123 2924 1171 2964 am
1192 2923 1241 2963 me
1255 2905 1348 2965 abdu-

305 2982 362 3039 cit:
384 2997 525 3056 arcusque
538 2996 721 3043 incessante
734 2978 792 3035 diri
805 2978 942 3038 Herculis
952 2997 1044 3048 arma,
1058 3000 1129 3060 quos
1148 2982 1259 3042 dextrae
1278 2984 1348 3043 data

230 3069 289 3127 945
306 3059 363 3116 fide
375 3059 494 3134 accepit,
506 3074 584 3115 nunc
595 3057 717 3123 detinet,
731 3064 819 3134 atque
832 3059 945 3135 Argivis
957 3060 1020 3118 vuit
1032 3070 1190 3120 ostentare:
1205 3070 1347 3142 tanquam

304 3140 330 3196 si
342 3138 468 3195 validum
480 3138 601 3212 cepisset
613 3138 718 3203 virum,
732 3138 759 3192 vi
771 3154 818 3194 me
831 3137 959 3205 abducit,
973 3156 1027 3196 nec
1039 3141 1093 3198 scit
1108 3129 1172 3214 jam
1192 3152 1346 3201 mortuum

304 3235 335 3275 se
348 3216 520 3281 interficere,
532 3224 582 3274 aut
595 3214 670 3272 firmi
682 3223 797 3291 captare
809 3216 956 3283 umbram,
968 3234 1071 3276 vanam
1084 3220 1254 3298 imaginem.
1275 3220 1347 3279 Non

304 3298 385 3354 enim
397 3314 444 3352 me
457 3296 589 3370 cepisset,
601 3294 625 3350 si
646 3292 718 3350 mibi
730 3295 804 3351 vires
823 3296 947 3372 integrae
966 3295 1096 3362 fuissent,
1111 3298 1227 3376 quando
1246 3314 1285 3357 ne
1303 3301 1346 3358 sic

304 3375 421 3454 quidem
434 3372 570 3433 affectum
583 3389 685 3448 capere
704 3374 809 3447 potuit,
823 3374 878 3430 nisi
897 3374 975 3432 dolo.
1014 3375 1104 3434 Nunc
1123 3385 1222 3437 autem
1241 3377 1346 3438 nunde

229 3462 289 3520 950
303 3455 441 3529 deceptus
465 3471 531 3510 sum
558 3452 654 3510 miser.
694 3451 773 3513 Quid
795 3453 902 3528 agam?
936 3454 978 3510 At
998 3454 1098 3523 redde,
1123 3470 1237 3533 queso:
1264 3470 1346 3518 nunc

303 3533 422 3591 demum
435 3533 473 3590 ad
486 3531 612 3589 indolem
627 3540 708 3587 tuam
720 3529 791 3588 redi.
824 3530 902 3592 Quid
916 3533 977 3590 ais?
999 3535 1097 3592 taces?
1118 3534 1219 3593 Occidi
1231 3534 1345 3597 infelix.

303 3613 331 3669 0
347 3612 466 3688 gemina
485 3620 587 3689 patens
605 3608 668 3666 fore
686 3626 783 3687 rupes,
795 3626 895 3667 rursus
912 3618 942 3667 te
960 3611 1064 3669 subibo
1075 3614 1204 3678 inermis,
1216 3610 1284 3672 cibo
1295 3632 1345 3674 ca·

227 3700 286 3757 955
302 3709 386 3750 reus:
409 3709 511 3750 verum
528 3688 709 3747 extabeseam
721 3688 777 3746 hoe
789 3688 821 3746 in
833 3696 919 3747 antro
930 3691 1018 3756 solus,
1032 3708 1086 3748 nee
1098 3701 1257 3768 praepetem
1270 3698 1343 3771 pen·

302 3770 347 3826 nis
367 3787 457 3831 aveni,
480 3771 534 3827 neo
551 3769 738 3825 monticolam
758 3768 850 3825 feram
870 3769 983 3845 sagittis
1002 3769 1080 3827 hisce
1103 3770 1272 3848 configens:
1291 3773 1345 3833 sed

300 3849 362 3924 ipse
376 3849 463 3906 miser
476 3857 608 3906 mortuus
621 3846 756 3922 praebebo
768 3863 863 3905 eseam
875 3847 909 3903 iis
922 3865 940 3904 a
952 3848 1057 3925 quibus
1076 3848 1213 3925 pascebar
1232 3848 1322 3910 modo
1331 3876 1343 3924 3

301 3935 331 3984 et
355 3944 413 3992 me,
434 3941 505 4004 quas
528 3934 614 3982 antea
637 3924 772 3991 venabar,
794 3921 866 3998 jam·
878 3926 1062 3984 venabuntur
1084 3927 1154 3986 ferte
1160 3953 1171 4001 ς
1196 3928 1344 4068 Ἢ

227 4014 287 4072 960
301 4023 401 4083 poeuas
413 4005 491 4064 crede
502 4005 582 4062 luam
597 4004 683 4061 miser
700 4022 774 4070 mea,
787 4004 870 4062 istius
890 4021 988 4079 opera,
997 4024 1090 4082 xquern
1106 4007 1246 4083 putabam
1288 4009 1295 4024 '
1321 4010 1328 4025 ‘

301 4103 385 4143 nosse
404 4085 481 4141 mali.
522 4084 624 4141 Persas
644 4083 786 4150 nondum,
800 4091 957 4160 antequam
975 4084 1086 4143 scivero
1103 4103 1144 4145 cn
1161 4084 1341 4161 senteutiam

299 4170 464 4239 mutatunrs
476 4162 533 4220 sis:
556 4163 601 4220 siu
615 4162 721 4228 miuus,
735 4178 834 4237 pereas
847 4160 932 4220 male.
1179 4172 1189 4197 ¹

338 4240 403 4300 CH.
424 4242 503 4307 Quid
521 4241 652 4306 iacimus,
672 4240 691 4296 0
711 4242 781 4298 rex?
802 4241 904 4319 utique
927 4256 1016 4316 penes
1035 4249 1065 4300 te
1084 4249 1138 4312 est,
1156 4238 1344 4321 utrumium

299 4323 476 4403 navigemus,
490 4338 532 4381 au
543 4315 630 4392 hujus
642 4321 696 4378 riri
709 4320 841 4399 precibus
852 4319 1024 4383 adnuemtu.
1141 4364 1144 4369 -
