2776 4882
407 285 408 288 ‘
431 284 768 363 emmeram-:s
1054 293 1120 377 m

71 457 150 519 meis
169 458 310 540 configes,
331 460 448 539 letoque
460 461 557 523 dabis:
578 470 643 521 tum
662 458 781 536 'i'rojam
805 456 938 527 vastabis,
956 458 1117 539 spoliaque,
1155 518 1158 524 ,

68 555 141 616 quse
152 539 216 606 tibi,
230 550 265 600 ut
275 541 434 599 fortissimo
445 542 597 608 exercitus,
609 542 717 601 eximia
728 540 886 606 dabuntur,
900 547 982 598 tuam
994 538 1117 597 domum

66 618 175 675 mittes
183 619 299 677 Poeanti
311 620 398 696 patrii
410 620 446 678 nd
459 621 561 696 patrie
573 621 652 678 OEtae
664 615 810 690 subjectos
819 636 944 694 campos.
961 617 1036 678 Quas
1048 635 1117 675 vero
1138 618 1214 673 1430

68 701 108 752 tn
119 697 232 772 ceperis
243 699 335 773 spolia
344 699 400 756 hoc
412 699 449 757 ab
460 701 599 763 exercitu,
613 700 784 774 sagittarum
793 715 925 755 mearum
935 695 1116 756 monimenta

65 773 109 832 ad
122 793 222 834 meum
234 794 341 853 rogum
352 777 432 836 affer.
451 777 562 856 Teque,
571 778 690 835 Achillis
699 777 751 838 fili,
761 777 822 835 baec
836 793 958 835 moneo:
973 776 1117 835 neceuim

70 859 107 910 tu
119 855 184 912 sine
195 857 253 912 istu
266 856 342 913 vales
354 853 475 928 Trojam
487 875 665 934 expugnare,
683 873 736 915 nec
748 856 802 912 iste
815 855 878 912 sine
890 864 928 914 te.
967 852 1035 929 Ego
1047 871 1115 912 rero
1136 852 1211 911 1485

67 930 283 1008 AEsculspium,
306 935 359 1012 qui
378 942 409 993 te
426 936 530 994 morbo
548 936 660 998 liberet,
683 936 800 994 mittam
821 934 859 992 ad
879 934 984 993 ilium:
1006 933 1114 991 iterum

68 1012 153 1071 enim
165 1012 237 1070 illud
249 1015 321 1091 meis
333 1015 446 1089 sagittis
458 1015 521 1091 capi
534 1015 620 1072 fatale
633 1021 684 1073 est.
726 1012 792 1071 Hoc
804 1021 903 1071 nutem
913 1012 1112 1080 memineritis,
1134 1009 1211 1064 1⁴40
1242 1032 1245 1037 ·

69 1106 163 1167 quum
175 1091 281 1151 urbem
290 1093 444 1156 vastabitis,
459 1103 492 1152 ut
505 1095 644 1169 pietatem
656 1111 727 1169 erga
735 1092 814 1149 Deos
823 1093 940 1162 colatis3
955 1092 1023 1152 huic
1033 1092 1113 1151 enim

69 1168 129 1227 alia
139 1171 240 1229 omnia
256 1172 416 1245 posteriora
437 1172 517 1230 ducit
537 1180 620 1248 pater
639 1171 763 1247 Jupiter.
777 1242 780 1249 Ι
802 1171 917 1247 Quippe
930 1171 1021 1245 pietus
1033 1169 1114 1229 haud
1167 1204 1170 1209 ·

69 1263 130 1306 una
150 1266 219 1306 cum
235 1249 402 1308 homiuibus
424 1251 545 1326 occidi15
567 1251 628 1318 sed,
648 1268 699 1308 seu
719 1250 826 1315 vivant,
843 1266 896 1309 seu
915 1250 1026 1311 mortui
1041 1248 1111 1319 sint,

71 1341 223 1402 uunquam
237 1330 322 1403 perit.
568 1352 571 1359 ·
1003 1359 1006 1363 -

106 1405 218 1464 PHlL.
238 1407 266 1462 0
279 1409 329 1485 qni
341 1425 441 1467 vocem
453 1393 583 1483 optatam
596 1408 670 1466 mihi
677 1407 789 1472 misisti,
799 1407 946 1485 longoque
958 1415 1025 1486 post
1035 1416 1110 1472 tem·
1130 1417 1206 1471 144⁵

70 1501 139 1560 pore
151 1486 388 1560 conspiciendum
401 1496 431 1544 te
442 1486 556 1554 dedisti,
569 1488 628 1545 tuis
642 1487 726 1544 dictis
738 1486 889 1565 obsequar.

106 1562 254 1621 Nnorr.
276 1564 356 1638 Huic
368 1584 482 1644 quoque
494 1583 551 1641 ego
564 1566 685 1624 consilio
696 1566 845 1638 assentior.

107 1641 232 1700 HERC·
253 1643 416 1721 Nelongas
427 1643 500 1723 ergo
512 1646 620 1704 nectite
637 1661 751 1715 moras3
773 1649 860 1721 urget
878 1642 958 1703 enim
970 1653 1108 1723 opportu-
1128 1648 1219 1708 1450'

70 1738 144 1779 num
157 1721 316 1800 navigandi
327 1732 451 1800 tempus,
465 1722 777 1801 surgensqueapuppi
789 1728 900 1782 ventus.
1302 1732 1306 1739 '

103 1799 217 1860 PHIL.
235 1803 301 1879 Age
323 1820 395 1879 ergo
414 1803 572 1878 procedens
593 1811 702 1861 terram
720 1804 796 1859 hanc
807 1800 946 1860 salutabo.
985 1802 1067 1872 Vale,
1089 1805 1108 1863 d

67 1884 188 1948 tectum,
200 1898 266 1939 mea
277 1882 416 1947 custodia,
430 1882 629 1959 Nymphaeque
641 1881 758 1957 irriguis
770 1881 802 1936 in
814 1881 904 1959 pratis
916 1880 1064 1957 degentes,
1077 1892 1108 1943 et
1129 1885 1204 1939 1455

64 1956 167 2035 fragor
181 1960 336 2021 vehemens
353 1960 497 2019 illisorum
516 1960 669 2026 fluctuum,
684 1961 736 2017 ubi
755 1976 832 2035 soepe
851 1976 962 2025 meum,
974 1961 1108 2035 pulsante

66 2046 149 2104 noto,
158 2044 247 2113 caput
254 2039 366 2098 maduit
375 2040 407 2096 in
416 2040 494 2096 autri
507 2056 637 2109 recessu;
651 2045 764 2115 saepcet
773 2039 850 2094 vocis
859 2055 943 2096 mons
952 2037 1107 2100 Hermaeus

62 2118 673 2273 centumcentumn
699 2115 1106 2273 &titillatum
1127 2120 1204 2194 ¹⁴⁶⁰

58 2270 137 2348 jum,
150 2273 228 2352 quod
248 2274 290 2333 ita
308 2276 372 2335 fore
384 2290 535 2352 nunquam
551 2278 639 2334 'antea
655 2275 843 2350 speravimus.
881 2270 955 2332 Vale
967 2276 986 2335 d
998 2275 1105 2335 Lemni
1229 2278 1232 2287 '

61 2360 145 2412 terra
155 2353 231 2413 mari
242 2354 347 2421 cincta,
359 2372 464 2433 meque
476 2354 603 2414 secundo
614 2372 702 2415 cursu
715 2354 828 2411 dimitte
846 2353 1032 2423 incolumem,
1046 2373 1105 2433 quo
1125 2355 1201 2413 1465

60 2437 170 2507 potens
189 2431 284 2492 iatum
304 2434 372 2499 fert,
394 2434 597 2511 sententiaque
617 2434 789 2500 anticorum,
811 2440 842 2489 et
863 2433 963 2492 omnia
984 2432 1106 2494 domans

60 2511 148 2570 Deus
161 2511 212 2588 qui
225 2512 286 2569 haee
298 2513 504 2587 comprobavit.

41 2632 44 2637 .
101 2589 170 2647 CH.
190 2589 335 2649 Abeamus
346 2608 419 2668 ergo
431 2609 532 2649 omues
549 2591 646 2661 simul,
664 2590 816 2671 Nymphas
835 2593 962 2655 marinas
982 2593 1104 2675 precati,
1123 2592 1201 2658 1470

56 2674 96 2729 ut
109 2667 220 2729 reditus
232 2670 397 2735 servatrices
410 2670 514 2731 adsint.
