2776 4882
505 264 642 334 arax.
882 362 885 367 ἢ
1027 275 1096 338 :u

88 443 206 507 ULYS.
227 442 304 503 Audi
323 444 423 520 igitur.
462 441 566 499 Virum
585 441 676 506 huno,
689 457 741 516 per
759 438 839 498 Deos
850 449 886 498 ‘te
906 434 1045 507 obtestor,
1059 459 1097 500 ne

44 527 194 585 :maneas
206 525 385 600 insepultum
397 522 470 580 adeo
482 522 673 578 inclementer
685 516 829 592 abjicere:
851 539 945 597 neque
958 520 1098 600 violentia

47 614 85 662 te
96 605 160 663 ullo
171 603 261 661 modo
274 605 368 662 vincat
380 619 472 678 usque
491 600 565 657 adeo
585 599 687 664 odisse,
701 606 736 655 ut
753 598 796 655 fus
815 617 921 676 susque
933 600 1026 677 deque
1044 601 1097 657 ha·
1116 611 1192 671 1335
1266 650 1268 661 .

49 682 132 743 bees.
151 683 231 741 Nam
241 692 304 739 erut
312 682 385 739 mihi
398 681 468 739 olim
478 679 692 735 inimicissimus
704 677 753 735 ille
765 695 802 735 ex
814 679 895 736 omni
908 680 1049 742 exercitu,
1059 697 1098 736 ex

52 778 115 839 quo
128 763 202 820 mihi
214 761 329 819 addicta
340 761 465 818 fuerunt·
473 757 592 815 Achillis
605 774 703 813 arma:
724 763 755 814 at
774 757 859 815 illum
871 767 980 823 tamen,
993 759 1048 814 etsi
1060 774 1098 814 eo

49 840 87 899 ‘in
98 858 150 899 me
158 843 269 907 animo,
280 856 342 896 non
354 842 395 896 ita
407 837 566 912 despicatui
579 835 715 902 habenta,-
725 843 759 892 ut
767 852 829 893 non
841 835 934 895 fatear
944 854 1038 894 unum
1050 853 1098 895 me
1117 864 1122 879 ·

51 918 159 977 vidisse
180 919 373 977 fortissimum
391 918 577 993 Argivorum,
596 914 739 991 quotquot
758 914 796 970 ad
813 912 936 986 Trojam
955 915 1097 981 venimus,
1117 926 1195 980 1340

52 1005 181 1074 excepto
192 997 314 1057 Achille.
339 995 467 1055 Proinde
477 991 603 1066 injurius
616 994 664 1058 sis,
677 995 703 1050 si
714 1010 784 1059 eum
796 1011 850 1050 suo
861 995 955 1069 prives
967 995 1096 1051 honore:

52 1076 207 1137 nonenim
221 1079 310 1143 huno,
319 1076 371 1133 sed
383 1075 515 1133 Deorum
527 1073 606 1148 leges
619 1071 776 1130 violaveris.
798 1073 901 1130 Virum
914 1081 1014 1130 autern
1026 1081 1099 1131 stre-

54 1172 152 1213 nuum
160 1155 246 1214 nefas
258 1162 302 1212 est
314 1165 380 1231 post
392 1161 518 1211 mortem
530 1151 646 1220 laedere,
660 1168 698 1208 ne
710 1150 827 1228 quidem
840 1152 864 1208 si
875 1159 963 1209 antea
975 1151 1079 1210 oderis.
1118 1159 1204 1216 1345.

94 1226 331 1293 AGAMu'Tune
351 1232 487 1290 adhunc
507 1229 639 1296 modum,
663 1229 775 1310 Ulysso,
800 1227 888 1304 hujus
910 1230 1102 1308 gratiamihi

96 1391 215 1452 ULYS.
235 1392 311 1449 Sane
322 1391 473 1468 equidem:
496 1389 615 1446 oderam
628 1406 706 1455 vero,
720 1407 811 1466 quum
822 1389 915 1447 odisse
927 1390 971 1451 fus
983 1397 1054 1451 erat

96 1469 224 1531 AGAM.
244 1471 316 1528 Non
328 1473 426 1545 itaque
439 1482 468 1526 et
483 1478 600 1525 mortuo
612 1469 752 1525 insultare
765 1478 793 1525 te
806 1471 937 1544 pareat?

96 1549 216 1609 U12YS.
235 1549 284 1606 Ne
296 1549 433 1625 gaudeas,
447 1548 558 1612 Atrida,
572 1548 665 1622 impio
676 1549 774 1605 lucro.¹
1138 1582 1145 1593 ·

95 1628 224 1688 AGAM.
243 1628 387 1687 Pietatem
399 1628 506 1703 ubique
519 1627 625 1692 colere,
638 1627 716 1693 haud
729 1627 813 1683 facile
825 1634 869 1685 est
881 1631 953 1706 regi.
1122 1637 1199 1692 1350

93 1704 216 1767 ULYS.
235 1708 276 1764 At
288 1706 372 1765 facile
384 1707 459 1763 bene
472 1705 656 1762 monentibus
669 1707 768 1762 amicis
782 1706 910 1784 obsequi.

62 1838 66 1845 .
95 1785 224 1857 AGAM.
244 1785 377 1862 Regibus
390 1803 490 1861 parere
504 1793 620 1858 oportet
633 1785 757 1859 probum
771 1786 874 1843 virum.
934 1800 937 1808 ·

95 1862 217 1925 ULYS.
235 1864 362 1921 Desine:
383 1865 474 1921 victus
487 1863 523 1920 ab
535 1864 644 1930 amieis,
658 1865 793 1920 victores
807 1874 915 1922 tamen.

62 1994 65 1999 .
96 1942 225 2002 AGAM.
245 1942 398 2000 Memento
411 1943 442 1999 in
454 1961 541 2018 quem
554 1943 649 1998 virum
662 1943 864 2010 hancooniers
875 1945 1010 2020 gratiam.

10 2048 13 2063 ·
57 2066 61 2073 .
96 2021 216 2081 ULYS.
235 2022 375 2082 Inimicus
383 2022 436 2078 'hie
449 2021 584 2096 quidem:
607 2027 637 2077 at
650 2021 722 2078 olim
735 2022 889 2095 praestabat
901 2024 1021 2081 virtute.
1123 2032 1200 2089 1368

95 2098 227 2159 AGAM.
241 2101 321 2163 Quid
331 2101 382 2158 fiet
395 2100 459 2167 tibi,
473 2101 523 2156 ubi
536 2106 687 2158 mortuum
699 2101 850 2157 inimicum
863 2103 936 2159 adeo
949 2102 1103 2160 revereris?

97 2178 217 2239 ULYS.
237 2180 337 2237 Virtus
350 2197 455 2254 nempe
467 2178 546 2254 apud
560 2177 684 2259 menplus
697 2197 785 2269 quam
799 2180 899 2237 odium
912 2181 995 2238 valet.

98 2256 229 2317 AGAM.
250 2257 316 2315 Hac
330 2259 461 2336 quisunt
474 2267 582 2322 mente,
596 2257 730 2314 vecordes
743 2257 838 2314 solent
851 2259 997 2334 perhiberi
1008 2259 1106 2336 vulgo.

10 2386 12 2395 .
97 2335 219 2402 ULYS.
238 2338 329 2414 Atqui
342 2337 428 2395 multi
441 2345 511 2393 sunt
524 2354 602 2393 nunc
615 2337 711 2404 amici,
721 2338 772 2414 qui
784 2338 938 2412 postmodo
951 2339 1018 2397 odiu
1029 2341 1108 2397 inter
1121 2334 1125 2342 ’

10 2430 12 2439 ·
38 2414 294 2476 ‘reexeroebunt

91 2495 228 2553 'AGAM
247 2494 380 2557 Talesne,
395 2511 503 2571 quasso,
517 2494 644 2569 postules
657 2496 764 2551 amicos
776 2498 897 2569 parare?
1126 2504 1203 2560 1360

101 2572 218 2633 ULYS.
238 2573 383 2650 Equidem
395 2574 580 2648 praefractum
594 2574 725 2630 animum
738 2574 857 2633 laudare
870 2593 930 2632 non
943 2575 1031 2633 soleo.

64 2666 69 2676 ’
102 2653 232 2712 AGAM.
250 2652 298 2708 Tu
310 2651 428 2728 quidem
440 2652 536 2718 facies,
549 2661 583 2708 ut
596 2653 693 2726 ignari
707 2652 793 2710 hodie
806 2653 963 2732 videamur.

104 2730 223 2792 ULYS.
243 2729 340 2795 Immo
354 2741 389 2788 ut
400 2731 517 2787 Achivis
530 2731 665 2788 omnibus
675 2727 748 2801 justi
761 2732 926 2790 videamini.

103 2808 233 2869 AGAM.
254 2809 362 2869 Suades
375 2826 456 2885 ergo,
469 2819 504 2867 ut
518 2810 573 2866 hoe
585 2809 706 2866 cadaver
717 2812 834 2886 sepeliri
846 2813 960 2869 sinam?

104 2887 222 2948 ULYS.
243 2888 395 2964 Equidem.
415 2887 493 2943 Nam
504 2895 532 2944 et
545 2889 606 2963 ipse
619 2889 692 2944 milri
703 2890 775 2946 olim
784 2885 867 2961 justa
877 2890 1001 2965 persolvi
1012 2891 1107 2966 cupio.
1127 2901 1203 2958 1865

105 2965 234 3031 AGAM.
256 2966 298 3023 Ut
312 2968 431 3043 quisque
444 2966 498 3021 sibi
511 2985 574 3042 quae
587 2980 755 3042 congruunt
767 2967 853 3025 facit!
1190 2959 1196 2973 ’

105 3045 223 3105 ULYS.
243 3045 299 3102 Cui
311 3046 390 3102 enim
404 3063 451 3101 me
464 3046 557 3120 magis
569 3048 715 3112 convenit,
728 3066 818 3122 quam
831 3047 905 3104 mihi
916 3047 1051 3107 studere?
1168 3082 1170 3087 ·

105 3124 233 3186 AGAM.
253 3124 351 3181 Tuum
364 3125 456 3199 igitur
468 3124 524 3179 hoc
536 3125 655 3186 factum,
670 3143 730 3181 non
743 3143 842 3183 meum
855 3127 1011 3187 vocabitur.

106 3204 224 3264 ULYS·
248 3202 291 3260 Ut
302 3203 413 3268 feceris,
426 3203 469 3258 ita
481 3202 574 3259 bonus
588 3203 737 3260 habeberis
750 3205 866 3281 ubique.

10 3309 18 3321 ·
107 3281 233 3341 AGAM.
253 3283 293 3339 At
312 3291 411 3338 tamen
430 3281 486 3337 hoc
506 3290 586 3338 certo
605 3283 687 3348 scias,
700 3302 747 3339 me
761 3284 805 3339 vel
824 3282 934 3358 majore
955 3286 987 3342 in
1004 3303 1037 3343 re
1057 3287 1111 3344 tibi
1129 3295 1208 3358 1370

77 3362 227 3436 gratifioari
237 3360 318 3417 velle.
338 3360 397 3416 Hie
409 3377 478 3425 pero
490 3371 624 3417 mortuus
638 3370 668 3416 et
680 3364 759 3418 vivus
773 3365 881 3437 pariter
894 3365 967 3421 mihi
978 3364 1111 3423 omniurn

10 3451 24 3490 s
78 3441 125 3498 erit
137 3440 266 3499 maxime
278 3439 393 3495 invisus.
415 3438 573 3513 Porrotibi
585 3440 679 3496 facere
692 3441 758 3497 licet
771 3443 849 3517 quod
862 3443 939 3499 facto
952 3451 995 3500 est
1009 3462 1091 3519 opus.

109 3518 176 3577 cH.
198 3520 230 3574 Si
243 3519 306 3594 quis
319 3527 360 3585 te,
374 3517 484 3592 Ulysse,
499 3519 552 3574 hae
568 3531 668 3576 mente
681 3521 846 3594 praeditum,
860 3522 937 3579 haud
950 3523 1112 3600 sapientem
1130 3528 1207 3594 1875

10 3609 26 3647 r
81 3598 219 3670 praedimr,
233 3614 280 3653 nae
292 3596 340 3653 ille
352 3596 459 3653 stultus
471 3604 515 3652 est
528 3597 625 3653 homo.

112 3676 226 3735 ULYS.
247 3677 288 3732 At
309 3693 377 3731 vero
396 3693 475 3731 nunc
495 3669 613 3732 Teucro
629 3676 658 3732 id
679 3677 710 3732 in
729 3688 877 3751 posterum
898 3678 1050 3749 denuntio,
1063 3701 1112 3741 me

10 3766 29 3809 a
84 3769 157 3828 qnam
168 3763 258 3812 antea
269 3754 404 3810 inimicus
416 3753 532 3818 fuerim,
545 3763 607 3810 tam
619 3754 715 3811 denuo
728 3757 856 3813 amicum
870 3776 944 3816 esse:
959 3768 990 3816 et
998 3762 1114 3819 mortui

85 3829 159 3904 hujus
178 3835 267 3890 funus
287 3849 348 3889 una
366 3849 468 3890 curare
482 3834 555 3895 volo,
571 3850 746 3910 omnemque
766 3835 898 3893 conferre
915 3855 1045 3913 operam,
1060 3859 1114 3897 neo
1183 3877 1186 3881 -

10 3908 30 3964 ir
86 3912 229 3991 quidquam
241 3912 387 3978 omittere,
395 3910 473 3986 quod
482 3911 644 3969 fortissimis
653 3914 718 3968 viris
728 3931 829 3970 omnes
839 3919 1112 3991 praestareaddeoet.
1132 3923 1215 3979 1880

116 3988 227 4049 TEUC.
250 3990 370 4064 Optime
393 3990 502 4064 Ulysse,
517 3990 651 4046 omnibus
667 4001 697 4048 te
710 3993 802 4048 modis
815 3993 934 4052 laudare
948 3999 1065 4070 possim,
1080 4006 1114 4055 ut

10 4079 32 4123 ‚u
92 4066 223 4146 minag:
236 4086 334 4127 meam
346 4068 481 4127 fefelleris
494 4071 671 4140 opinionem.
703 4071 762 4133 Qui
777 4075 856 4130 enirn
869 4074 937 4131 huic
951 4093 1013 4133 eras
1025 4078 1113 4134 Achi-

30 4154 31 4160 ’
93 4153 178 4204 'orum
196 4147 420 4213 inimicissimus,
433 4156 467 4203 tu
485 4148 563 4205 solus
583 4150 611 4205 ei
630 4166 715 4224 opem
733 4150 834 4214 tulisti,
849 4170 902 4209 neo
915 4165 1031 4212 mortuo
1045 4157 1113 4212 huie
1132 4157 1208 4217 1385

10 4235 35 4283 rt
94 4218 155 4281 riva:
166 4225 286 4284 illudere
296 4226 470 4297 sustinuisti,
483 4235 517 4283 ut
529 4227 687 4302 imperator
698 4228 749 4286 ille
769 4230 940 4306 lymphatus,
955 4236 1070 4311 ipseque
1083 4242 1113 4290 et

96 4306 148 4362 tutu
164 4304 252 4367 frater
270 4322 341 4378 eum
359 4304 514 4374 voluerunt
533 4307 616 4370 omui
635 4305 772 4372 afferam
790 4311 969 4374 contumelia
986 4311 1114 4390 insepul-

1055 1843 1060 1853 '
1170 1846 1175 1879 1
