2776 4882
293 263 359 359 ooo
470 310 480 335 .,
650 260 990 337 rursoo'mras

332 434 479 521 NEOPJ,
498 436 537 493 At
558 436 611 498 tibi
624 436 749 512 quidem,
767 437 879 513 hospes,
901 418 955 514 prb
975 458 1009 495 ea
1029 455 1086 515 qua
1105 438 1178 495 mibi
1197 437 1339 513 prospic'n
1369 508 1373 517 1

220 562 225 570 .
293 514 505 580 benevolentia,
527 515 673 590 condigna
695 514 772 589 apud
795 535 851 578 me,
875 520 930 575 nisi
953 517 1103 591 improbus
1122 517 1188 584 sim,
1208 516 1348 592 reposita·

295 592 425 651 manebit
437 594 541 669 gratia.
580 593 790 651 Verumtamen
803 596 880 671 quod
893 596 967 654 dixti
979 596 1092 653 declara
1104 596 1186 662 mihi,
1200 604 1234 651 ut
1245 595 1337 653 sciam

222 675 280 731 ⁵60
292 671 366 750 ‘quid
380 673 447 729 novi
459 672 571 730 consilii
583 672 620 729 ab
632 672 746 748 Argivis
760 672 852 734 affers.
1068 745 1070 749 Ι
1153 721 1155 725 1
1226 678 1229 683 '
1280 729 1283 735 ,

334 748 596 889 brllpilichlpbiere,
610 751 660 831 qui
679 759 708 807 te
721 752 808 811 classe
821 761 1040 831 persequantur,
1053 752 1235 830 Phoenixque
1247 768 1339 817 senex

296 836 326 889 et
385 831 443 890 esei
487 832 515 888 ·i.
882 829 884 835 ’

334 900 480 970 Noorr.
501 909 585 977 Vine,
599 927 637 967 an
650 909 743 967 verbis
756 928 804 968 me
816 910 989 971 abducturi?
1332 952 1337 959 -

222 1059 226 1067 Ι
335 984 460 1051 Mune.
481 986 570 1051 Haud
582 989 661 1045 scin:
683 988 759 1065 quod
771 989 878 1055 audivi,
891 987 952 1062 ejus
965 989 1067 1047 adsum
1079 989 1133 1047 tibi
1145 988 1277 1047 nuntius.

220 1068 279 1137 565
335 1064 481 1128 NEOPT.
501 1066 627 1132 lstucne,
648 1085 755 1144 quaeso,
776 1077 859 1126 tanto
880 1071 992 1144 impetu
1014 1068 1105 1125 animi
1124 1066 1341 1145 aggrediuntur

250 1144 253 1149 '
296 1144 465 1215 Atridarum
477 1146 572 1223 gratia
584 1145 765 1223 Phoenixque
778 1149 868 1225 etqui
885 1166 942 1204 una
954 1146 1185 1205 conscenderunt
1196 1145 1322 1203 navem?

308 1229 312 1234 '
335 1222 462 1289 MERC.
482 1224 555 1283 Haec
568 1224 640 1291 scito
649 1219 713 1295 jam
725 1226 783 1301 agi,
797 1244 851 1283 nec
863 1228 986 1302 amplius
998 1227 1030 1282 in
1042 1225 1163 1302 agendis
1176 1243 1246 1283 esse.

334 1297 479 1363 NEOPT.
492 1301 552 1364 Qut
562 1321 630 1360 vero
643 1303 756 1379 Ulysses
769 1321 887 1380 operam
897 1323 981 1362 suam
994 1322 1054 1368 non
1064 1304 1143 1369 ultro
1156 1303 1273 1371 obtulit,
1284 1317 1341 1361 nee

295 1391 413 1459 paratus
426 1382 483 1451 fuit
496 1382 652 1458 navigare?
675 1385 810 1458 numquis
824 1385 906 1441 illum
921 1384 1070 1459 prohibuit
1082 1378 1200 1440 metus?

220 1461 282 1523 570
300 1532 303 1536 A
324 1458 462 1530 MERC.
484 1461 588 1523 At'ille
601 1468 630 1517 et
642 1460 732 1536 Tydei
744 1461 819 1520 filius
839 1462 875 1519 ad
895 1463 984 1523 alium
1001 1462 1096 1520 virum
1114 1459 1342 1536 proficisceban-

172 1566 174 1572 ·
242 1550 245 1557 ’
296 1547 355 1609 tur,
370 1539 485 1616 quando
497 1540 643 1598 solvebam
656 1558 673 1596 e
686 1551 782 1614 portu.
1285 1562 1288 1567 ⁴

308 1617 311 1629 ”
335 1616 483 1680 Nuorr:
501 1619 642 1680 Quisnam
655 1619 704 1676 ille
716 1620 763 1686 sit,
777 1620 813 1676 ad
826 1638 913 1696 quem
926 1620 1041 1695 Ulysses
1053 1620 1114 1695 ipse
1127 1616 1303 1695 navigabat?

335 1696 468 1773 Mune..
483 1699 559 1755 Sane
570 1704 633 1755 erat
644 1697 754 1774 aliquis.
784 1698 841 1756 Sed
854 1700 966 1757 huncce
979 1699 1107 1775 primunr
1120 1696 1265 1764 dicmihi,
1274 1694 1341 1772 quifl

298 1778 351 1834 est.
390 1776 478 1838 Quod
491 1775 597 1833 dixeris
610 1794 688 1853 vero,
702 1794 740 1834 ne
752 1777 823 1835 effer
834 1779 919 1836 clare.

224 1853 262 1918 57
264 1853 282 1908 5
337 1855 483 1925 NEOP'P.
504 1855 562 1931 Hic
575 1864 618 1912 est
629 1856 755 1930 inclytus
767 1856 820 1913 tibi
834 1857 1019 1922 Philoctetes,
1034 1858 1146 1931 hospes.
1271 1912 1272 1916 ,

229 1930 235 1943 ’
271 1937 274 1943 ’
336 1933 463 1992 MERc.
484 1934 617 2011 Ergone
636 1934 721 2009 plura
739 1954 787 1994 me
806 1953 891 2012 roges
898 1960 907 2007 3
929 1936 981 1994 sed
1000 1953 1088 2013 quam
1107 1934 1238 1991 ocissime
1258 1930 1339 1989 solra

298 2030 411 2091 navem,
424 2021 511 2093 atque
523 2032 560 2081 ex
572 2013 626 2077 hac
638 2020 717 2074 terra
729 2022 759 2075 te
772 2014 880 2095 abripe.
1299 2064 1303 2071 .

336 2087 445 2150 Pntn'.
465 2092 544 2154 Quid
556 2099 699 2160 autumat,
712 2093 731 2150 b
744 2093 807 2150 filit
829 2111 883 2152 cur
898 2112 956 2160 me,
973 2093 1101 2161 obsecro,
1115 2090 1199 2152 dictis
1211 2086 1342 2147 tenebri-

232 2203 234 2207 <
298 2171 371 2243 posis
385 2171 482 2247 prodit
495 2170 607 2231 tibihic
620 2172 738 2231 navita?
977 2190 980 2195 ·
1159 2240 1163 2248 q
1209 2242 1211 2247 ¹

225 2245 283 2320 {580
314 2248 481 2313 ,Nuomt
502 2249 643 2307 Nondum
668 2250 798 2308 intellexi
820 2250 890 2328 quid
912 2250 967 2308 sibi
987 2251 1073 2308 velit:
1099 2254 1216 2325 oportet
1237 2253 1342 2306 autem

230 2326 235 2336 “
299 2347 378 2418 eum,
398 2331 470 2411 ,quae'
486 2328 572 2394 dicet,
592 2329 741 2407 perspicue
760 2330 857 2408 eloqui
876 2329 1027 2390 adversum
1047 2349 1104 2397 me,
1125 2340 1155 2387 et
1173 2336 1215 2395 te,
1235 2324 1341 2383 ethos

317 2416 359 2467 no
378 2427 424 2466 ue.
1146 2417 1150 2445 ¹

300 2428 321 2489 'q
338 2427 462 2562 bllEllC.
483 2486 511 2543 0
524 2492 592 2548 nate
605 2486 734 2554 Achillis,
748 2505 785 2546 ne
804 2488 980 2553 committas,
993 2504 1100 2564 quaeso,
1112 2494 1147 2545 ut
1167 2485 1340 2543 uiscerum

299 2569 331 2624 in
343 2565 532 2623 offensionem
552 2567 710 2639 incurram,
724 2566 801 2642 quod
820 2566 942 2623 tacenda
960 2566 1102 2624 dixerimz
1123 2563 1238 2640 magnis
1257 2561 1340 2621 enim

172 2691 177 2695 .
298 2645 387 2706 lucris
400 2645 503 2723 augeri
514 2645 604 2713 soleo,
616 2644 655 2719 ob
669 2644 763 2710 officia
775 2662 840 2721 quae
852 2646 893 2702 eis
905 2662 971 2721 ego,
987 2651 1134 2723 quantum‘
1142 2643 1259 2721 quidem
1272 2651 1341 2717 pot·

269 2736 271 2740 ·
299 2720 343 2780 est
355 2723 445 2783 homo
457 2723 578 2798 pauper,
591 2729 706 2798 praesto.

223 2794 281 2849 ⁵35
338 2800 483 2863 NEOPI'.
502 2801 569 2878 ugo
581 2818 646 2858 sum
659 2801 769 2859 Atridis
780 2803 927 2861 infensus:
946 2803 994 2860 hic
1006 2809 1105 2859 auteur
1115 2801 1159 2858 vir
1170 2800 1282 2861 amicos
1296 2805 1342 2861 est

223 2884 234 2957 ¹,
299 2881 373 2940 mihi
384 2897 525 2946 summus,
539 2880 607 2956 quia
617 2881 734 2938 Atridas
746 2881 817 2938 odit.
855 2881 982 2940 Proinde
1000 2887 1118 2956 oportet
1130 2889 1168 2942 te,
1183 2879 1234 2956 qui
1244 2879 1344 2939 amico

299 2960 337 3039 ad
349 2976 397 3017 me
410 2960 512 3016 venisti
524 2958 632 3039 animo,
646 2960 719 3033 nihil
732 2977 901 3040 noseorum
913 2960 1017 3027 celare,
1031 2976 1095 3040 quse
1107 2957 1234 3021 audiisti.

338 3036 463 3099 MERC.
482 3033 557 3110 Vide
589 3039 639 3097 uid
652 3039 723 3116 agis,
736 3038 789 3098 fili.
913 3038 915 3042 ⁴
950 3036 952 3040 ’
1033 3036 1034 3039 ’

337 3112 482 3181 ΝΕΟΙἾ.
492 3058 683 3203 'iamdudum
696 3135 753 3202 ego
765 3118 796 3199 id
808 3116 876 3197 ridi.

224 3187 283 3264 ,590
338 3195 463 3254 MERC.
484 3195 520 3255 In
533 3203 563 3252 te
575 3197 686 3254 crimen
699 3214 786 3255 omne
798 3197 980 3254 transferam.

224 3276 227 3283 '
276 3274 278 3278 ⁸
338 3273 484 3340 NEOPT.
504 3274 576 3333 Esto
586 3298 595 3355 ᾗ
618 3276 664 3332 dic
677 3274 795 3347 modos
973 3277 975 3282 “

336 3352 463 3413 Mune.
482 3351 566 3426 Dtco,
587 3353 657 3410 Duo
668 3354 722 3420 illi,
736 3371 808 3435 quos
821 3353 948 3420 audiisti,
960 3353 1024 3421 viri,
1036 3350 1128 3429 Tydei
1140 3348 1228 3417 filius,
1240 3352 1359 3430 risque

300 3432 428 3508 Ulyssea,
442 3431 479 3489 ad
492 3433 569 3489 hunc
582 3434 730 3508 navigant,
743 3442 778 3490 ut
791 3432 841 3509 qui
849 3426 942 3504 jurati
955 3432 1042 3490 fidem
1056 3449 1139 3489 suam
1157 3430 1353 3507 obligarunt,

224 3501 281 3576 ,595
300 3529 417 3589 seeum
437 3511 483 3573 vel
502 3511 682 3577 sermonibus
702 3528 882 3587 persuasum,
902 3512 948 3568 vel
968 3512 996 3567 vi
1019 3511 1203 3569 adducturos.
1242 3509 1346 3588 Atque
1363 3576 1367 3586 ἱ

225 3592 228 3597 ’
299 3591 362 3647 haeo
374 3591 476 3650 Achivi
487 3608 588 3648 omnes
601 3589 719 3652 audiere
732 3590 863 3665 Ulyssem
883 3599 982 3665 aperte
1003 3590 1168 3648 dicentem:
1188 3588 1240 3649 ille
1259 3591 1345 3661 enim

299 3669 365 3744 plus
378 3668 490 3734 fiduciae
503 3669 627 3730 hahebat
639 3670 741 3735 altero,
754 3687 785 3726 se
797 3670 859 3727 baec
871 3669 1051 3728 effecturum.

337 3741 482 3813 NllOPP,
502 3749 638 3810 Quanam
650 3766 718 3805 vero
737 3749 833 3824 gratia
844 3757 909 3824 post
922 3757 982 3805 tam
995 3748 1120 3824 longum
1132 3753 1249 3822 tempus
1262 3746 1339 3805 Atri-

223 3813 282 3905 §00
299 3827 344 3902 dae
356 3829 475 3902 ‘tantam
496 3823 584 3900 hujus
603 3844 702 3884 euram
723 3834 841 3903 gerunt,
862 3821 1080 3905 quamdudum
1100 3820 1232 3897 ejecere?
1267 3827 1338 3888 Ouo

234 3972 242 3991 ἵ
300 3907 353 3963 bos
365 3904 469 3980 cupido
482 3902 608 3970 incessit,
621 3912 673 4024 qut
684 3905 870 3987 ris'ultioque
887 3905 1030 3972 Deorum,
1043 3906 1095 3988 qui
1111 3904 1229 3963 sceleste
1248 3903 1337 3975 facto-

233 4138 236 4142 ·
299 3984 641 4131 rumblffirdaslhihllqlithi
660 4079 729 4138 ego,
740 4062 816 4122 forte
835 4063 915 4144 enim
935 4064 1014 4125 baud
1026 4052 1173 4126 inaudisti,
1188 4079 1279 4121 omne
1290 4080 1346 4135 er·¹

223 4126 282 4180 ⁶⁰5
300 4141 424 4218 pediam,
462 4139 549 4201 Vates
561 4147 626 4198 erat
639 4140 755 4218 quidam
768 4141 847 4198 claro
858 4144 1000 4221 sanguine
1012 4142 1139 4220 genitio,
1152 4141 1264 4201 Priami
1277 4143 1339 4220 qui·

300 4221 368 4288 dem
392 4218 478 4285 filins,
500 4220 621 4277 'nomine
643 4236 712 4276 vero
738 4219 871 4283 Helenus
896 4221 1095 4297 appellabatur
1102 4243 1112 4292 3
1134 4237 1222 4297 quern
1248 4226 1340 4285 noctu

234 4279 248 4306 ⁸
300 4299 433 4394 egressus
450 4299 537 4386 solut,
557 4298 610 4377 qui
628 4298 736 4381 ubique
754 4299 878 4379 pessime
894 4301 990 4383 ,ondit
1009 4299 1181 4382 probrisque
1200 4309 1341 4379 orientur
