2776 4882
304 227 367 297 tua
684 222 944 296 ANTIGONE.

344 398 424 457 TlR.
445 398 592 475 Cogitate
605 416 683 457 nuuc
695 418 793 459 mrsue
806 402 838 458 in
849 398 968 475 armipiti
979 397 1106 475 pertmlo
1118 401 1234 464 vernari.

346 476 408 534 CR.
428 477 574 538 Quidnam
586 480 649 535 est?
671 479 768 540 Quam
781 498 829 537 me
839 478 1015 535 conturbant
1026 485 1078 535 tua
1089 478 1182 540 dieta!
1271 494 1280 502 ·

345 554 426 614 Tru.
446 556 533 623 Scies,
546 556 597 612 ubi
609 558 678 613 artis
691 576 763 615 nreoe
775 558 900 616 audieris
912 556 1026 613 indicia.
1065 556 1143 615 Nam
1156 575 1248 636 quum
1264 585 1269 606 ³
1282 585 1310 608 ·-·¹

215 636 293 694 1000
307 652 370 695 rem
383 634 472 691 veteri
492 634 525 690 in
545 635 735 711 augumeulo‚
747 637 797 694 ubi
816 643 879 693 erat
899 635 972 693 mihi
990 636 1219 711 omnigenorum
1236 637 1332 698 alita·

307 714 403 779 statio,
416 712 552 789 ignotum
564 712 642 770 audii
654 732 758 772 sonum
774 714 973 791 clangentium
992 714 1089 771 arium
1105 715 1301 791 insanoperei
1319 741 1321 760 ι

307 810 375 850 rum
388 792 498 866 impetu
511 799 617 865 prater
627 792 745 850 solitmn
757 810 887 863 morem3
909 810 1014 869 easque
1032 793 1161 868 comperi
1176 792 1369 870 sanguiue&

310 870 456 947 unguibus
469 870 591 927 invicem
603 888 634 927 se
647 872 780 937 lacerare,
794 871 872 949 quod
881 869 998 949 quidem
1011 870 1089 928 baud
1098 870 1220 930 obaerrre
1232 869 1367 950 siguifi-

217 946 293 1003 1005
308 949 392 1007 cahat
403 949 515 1005 alarum
527 948 672 1024 strepitus.
710 951 807 1012 Quare
827 950 1120 1025 perterritus,etati1u
1138 948 1176 1006 ad
1189 948 1357 1012 mumm-

309 1046 377 1087 nem
390 1044 442 1103 per
453 1034 593 1083 crematas
603 1028 730 1091 victimas
741 1030 798 1085 aris
806 1030 838 1088 in
848 1028 1014 1085 ardentibus
1026 1044 1073 1085 me
1084 1028 1227 1086 converti·
1260 1028 1351 1090 Atax

309 1106 432 1165 victimis
448 1105 565 1161 flamma
580 1121 641 1162 nun
661 1108 832 1181 promicuit;
854 1106 904 1163 sed
918 1102 1023 1177 jejuna
1038 1106 1132 1163 aaniee
1151 1123 1168 1161 e
1187 1104 1350 1170 femoribus

218 1180 296 1237 1010
310 1184 451 1243 exsudans
463 1184 603 1240 incinere
616 1184 830 1252 absumebatur,
848 1194 879 1241 et
897 1184 1028 1243 fumabat
1039 1191 1069 1241 et
1082 1184 1251 1259 exspuebet,
1264 1190 1342 1248 em·

310 1282 367 1341 que
379 1261 493 1319 sublata
504 1262 725 1337 dissipabantur,
738 1264 922 1340 revolutaque
930 1264 1043 1320 femora
1052 1269 1134 1319 extra
1142 1261 1261 1339 adipem
1270 1257 1344 1335 jam·

310 1342 381 1399 bant
394 1358 452 1418 quo
463 1350 597 1399 contecta
608 1341 732 1399 deerant.
772 1341 845 1399 Herc
859 1361 877 1400 a
889 1358 979 1417 puero
991 1341 1048 1398 isto
1058 1342 1198 1416 eomperi,
1211 1341 1343 1404 obeam

218 1415 295 1471 1015
310 1438 378 1488 rum
390 1436 537 1477 sacrorum
550 1419 701 1477 evanidam
713 1420 928 1479 divinationem.
967 1418 1044 1477 Mihi
1062 1419 1141 1478 euim
1153 1418 1216 1480 dux
1232 1419 1285 1478 itta
1296 1424 1344 1483 ui·

310 1504 345 1557 ut
357 1498 419 1556 aliis
431 1514 497 1574 ego.
529 1496 570 1555 Et
580 1498 658 1555 hisee
670 1499 752 1555 malis
764 1506 883 1574 propter
894 1506 1060 1572 ureeeptum
1072 1497 1125 1554 tibi
1136 1496 1296 1562 eonsilium
1304 1497 1344 1562 h·

310 1576 395 1635 barat
407 1578 485 1635 urbe.
523 1579 591 1634 Arae
609 1578 687 1634 enim
706 1584 738 1635 et
756 1578 814 1635 foai
834 1593 934 1635 omnes
953 1576 1033 1652 pleni
1044 1582 1113 1634 mut
1125 1574 1209 1636 nobie
1221 1574 1347 1638 tumme

311 1653 414 1731 (lidipi
426 1654 498 1720 filio,
511 1651 596 1726 cujus
611 1656 732 1713 cadaver
748 1656 914 1731 discerpunt
932 1654 1088 1732 feruntque
1106 1654 1214 1730 passim
1225 1654 1347 1716 autea

219 1725 297 1783 1000
311 1751 406 1793 cauea.
424 1732 551 1791 Proinde
564 1750 644 1791 saera
655 1750 810 1813 precesque
822 1743 934 1792 nostem
946 1741 1112 1792 aversantur
1120 1731 1183 1798 Dii,
1194 1750 1250 1791 nec
1258 1732 1348 1794 feno

311 1828 379 1870 rum
391 1812 538 1887 accipiunt
549 1810 713 1869 dammam:
729 1830 789 1870 nee
808 1814 870 1870 ulia
890 1812 950 1869 ales
971 1810 1131 1885 auepieatoe
1148 1817 1274 1889 gutture
1292 1808 1350 1874 dii

311 1907 408 1956 aenos,
428 1898 580 1967 qrostquam
602 1890 722 1948 humaui
741 1890 886 1949 cadaveris
903 1890 1044 1966 pinguem
1061 1888 1188 1965 depasta
1203 1899 1348 1954 mutnu-

312 1970 443 2045 guinem.
481 1967 554 2025 Haec
567 1969 668 2044 igitur,
682 1969 733 2035 lili,
747 1970 894 2045 expende:
916 1969 1026 2025 etenim
1037 1968 1172 2026 omnibus
1183 1964 1349 2028 hominbua

221 2038 296 2094 1025
312 2064 468 2104 commune
478 2057 521 2103 est
534 2064 668 2122 peecare:
690 2066 780 2123 quum
800 2066 869 2105 vero
889 2048 951 2123 quis
968 2047 1138 2122 peecaverit,
1153 2045 1204 2104 ille
1216 2062 1280 2106 non
1290 2061 1349 2110 an·

313 2124 389 2201 pliue
401 2125 512 2183 consilii
525 2126 687 2202 mentisque
700 2128 783 2203 mope
802 2126 859 2184 dici
877 2125 983 2202 dignun
994 2132 1048 2192 est,
1068 2124 1118 2201 qui
1134 2122 1186 2181 ubi
1196 2124 1230 2182 in
1243 2122 1350 2188 malim

313 2204 426 2269 incidit,
436 2202 580 2263 medelam
589 2203 717 2272 adhibet,
731 2223 786 2263 nec
797 2203 953 2262 immobilis
965 2209 1083 2279 pentat.
1105 2201 1185 2260 Nam
1195 2201 1351 2279 perviam
1378 2254 1385 2266 .

221 2274 299 2332 1000
313 2282 435 2341 inscitia
446 2282 588 2361 arguitur.
627 2283 708 2345 Quin
719 2284 788 2342 cede
801 2294 929 2347 mortuo,
942 2300 1036 2359 neque
1045 2289 1231 2357 peremptum
1241 2292 1349 2358 punga.

313 2362 387 2424 011ae
399 2360 541 2419 fortitudo
559 2368 604 2419 eat
624 2378 743 2433 enecare
762 2362 931 2421 mortuum?
954 2358 1026 2418 Haee
1042 2359 1098 2417 tibi
1109 2358 1350 2422 benevoluebeue

312 2438 450 2576 eonardqe
471 2438 545 2514 bene
556 2442 692 2499 monenti
702 2435 821 2519 obsequi
833 2439 1034 2499 suavissimum
1045 2443 1099 2504 eet,
1111 2438 1137 2496 ei
1148 2438 1265 2499 monita
1275 2436 1351 2514 mii·

314 2525 406 2577 tatem
430 2524 523 2578 erant.

353 2596 416 2653 CR.
436 2596 572 2661 Osenex‚
586 2612 696 2664 omnes,
706 2585 846 2673 tanquam
857 2596 1000 2672 sagittarii
1012 2596 1045 2653 in
1055 2610 1186 2671 neopum,
1195 2594 1257 2656 tela
1265 2594 1349 2656 mue

222 2667 299 2726 1035
316 2675 448 2745 mittitie5
469 2691 523 2732 nee
533 2674 634 2731 vestris
647 2674 764 2751 quidem
777 2679 875 2731 ratum
887 2674 1002 2732 artibus.
1007 2674 1169 2732 intentatus
1179 2690 1257 2742 aum,
1270 2666 1350 2745 οιιὶιιι

314 2754 430 2829 generis
442 2752 479 2810 ab
491 2750 656 2814 huminibus
668 2752 800 2811 veaduue
811 2769 877 2809 sum
889 2761 920 2809 et
931 2752 1054 2812 traditus
1063 2748 1252 2827 jampridem·
1289 2750 1348 2824 14⁰-

315 2832 446 2897 reamini,
459 2839 624 2907 comparate
635 2831 715 2889 vobis
728 2830 878 2894 Sardieum
895 2830 1047 2897 electrum,
1058 2832 1084 2889 si
1095 2830 1193 2897 ruitis,
1205 2838 1237 2888 et
1249 2843 1350 2892 numm

223 2906 301 2963 1040
314 2908 448 2967 lodicum
460 2934 467 2965 ι
489 2918 519 2967 at
531 2909 615 2966 illum
627 2910 761 2985 sepidero
771 2927 834 2967 nou
845 2908 1033 2978 damnabitis,
1054 2926 1109 2966 nee
1120 2910 1145 2965 ei
1156 2908 1238 2966 Jovia
1250 2906 1350 2987 aquiiae

314 2988 490 3065 discerptum
508 2988 630 3046 cadaver
648 2990 681 3046 in
701 3006 797 3046 escam
815 2987 931 3046 auferre
952 2987 1044 3044 velint
1056 2987 1112 3045 sub
1123 2986 1191 3046 Diri
1202 2986 1352 3046 thronum
1373 3022 1379 3030 -

315 3066 363 3125 Ne
375 3068 415 3125 eie
428 3066 555 3145 quidem,
574 3066 654 3125 haud
674 3066 736 3127 ullo
754 3062 842 3139 hujus
861 3066 965 3142 piaculi
978 3072 1088 3160 terrore
1107 3072 1215 3134 mutue,
1238 3062 1351 3143 sepeliri

224 3220 300 3280 1045
315 3142 1354 3300 {nitidanteididimdtbttiidibffibdd

316 3306 409 3362 mines
422 3303 467 3358 vel
476 3302 603 3362 maxime
614 3302 751 3361 industrii
762 3301 841 3360 foedo
852 3302 943 3379 lapsu,
955 3318 1047 3379 quum
1056 3301 1143 3361 verba
1151 3301 1252 3379 turpia
1261 3300 1356 3379 perite

316 3384 478 3458 loquuntur
489 3380 564 3438 lucri
575 3382 679 3455 gratia.

353 3460 434 3520 Tm.
454 3457 553 3517 Hem!
575 3458 682 3537 Ecquis
695 3459 786 3525 novit,
799 3456 896 3534 ecquis
908 3458 1019 3535 cogitat
1031 3459 1160 3517 homo-

355 3539 417 3598 CR.
438 3538 605 3603 Quidnam?
627 3537 742 3613 qualem
755 3538 830 3595 banc
842 3553 1028 3595 communem
1039 3536 1215 3596 sententiam
1226 3536 1350 3616 crepui

223 3613 303 3673 1050
354 3618 434 3676 Tru.
456 3619 575 3680 Quanto
587 3617 690 3692 opibus
703 3614 838 3673 omnibus
850 3623 968 3690 praestat
979 3614 1153 3692 prudentia?

355 3698 418 3754 CR.
436 3697 556 3758 otiante
568 3695 696 3772 quidem,
708 3702 743 3752 ut
754 3695 869 3769 opinor,
881 3692 1011 3768 desipere
1021 3694 1151 3754 maxiem
1160 3710 1241 3754 noxa
1252 3699 1308 3756 eet.
1363 3697 1366 3703 '

354 3774 434 3831 Tlii.
456 3772 554 3847 Hujus
566 3781 600 3830 tu
613 3773 730 3850 quidem
741 3774 844 3849 plenus
855 3788 886 3828 es
898 3771 1003 3828 morbi.

355 3852 419 3909 CR.
440 3851 507 3907 i'ati
519 3852 672 3909 uraledieta
683 3869 816 3927 regerere
829 3850 906 3908 nolo.

355 3930 435 3987 Tllt.
455 3931 544 4007 Atqui
554 3929 583 3985 id
597 3931 692 4003 ipsimi
703 3930 783 3995 faeie,
795 3928 867 3986 falsa
879 3944 926 3984 ure
939 3928 1088 3985 vaticinari
1099 3926 1207 3988 dicem.

225 4010 301 4071 1055
357 4008 419 4065 Cli.
439 4008 547 4063 Votum
560 4008 640 4064 einim
653 4025 740 4064 omne
751 4024 846 4083 genus
856 4014 900 4062 est
912 4006 1044 4079 pecuniae
1055 4006 1182 4066 aridum.

355 4084 436 4143 Tru.
456 4085 496 4141 Et
509 4084 581 4141 illud
595 4092 783 4159 tyrannorum
797 4083 985 4160 turpiuluera
996 4092 1086 4143 amat.

356 4163 419 4221 CR.
439 4165 513 4222 Sein'
528 4180 605 4226 vero,
619 4163 759 4239 quidquid
771 4162 861 4228 dicae,
875 4169 904 4219 te
916 4163 1073 4237 imperanti
1084 4163 1159 4221 mihi
1167 4160 1288 4222 diotre?

354 4240 435 4302 Tlii.
454 4242 521 4303 Seio
532 4240 684 4319 equidem
704 4242 862 4301 meaenim
874 4238 1050 4317 operabam
1061 4240 1182 4307 servanti
1193 4240 1318 4308 urbem.
