2776 4882
304 285 368 349 ma
583 274 774 348 OE-nlrns
797 268 1058 349 coLoNEUs.

301 453 406 513 eadem
416 468 531 530 semper
549 453 678 531 adspirat
689 472 760 513 aum
780 472 835 512 nee
854 456 932 513 inter
952 456 1069 521 amieos,
1081 468 1137 512 nee
1147 444 1258 513 civitati
1268 460 1346 531 erg!
1368 519 1374 525 ,

302 534 458 591 civitatem.
482 532 536 589 His
548 534 628 591 enim
640 550 719 591 nune
731 534 858 610 quidem,
873 536 927 591 illis
940 552 1019 600 vero,
1032 531 1184 607 interjecto
1196 540 1346 614 temporp,

223 619 286 675 ⁶15
300 607 430 684 jucunda
442 611 517 669 fiunt
529 629 637 678 amara,
650 629 804 689 rursusque
816 614 917 670 amira.
947 613 995 669 Sie
1005 612 1173 672 Thebarum
1185 614 1240 669 etsi
1250 620 1345 675 nime,

177 751 178 754 ,
302 698 416 749 servato
434 698 532 747 tecum
551 691 670 757 foedere,
693 708 739 748 res
762 692 800 769 in¹
817 692 972 768 tranquillo
993 691 1224 756 sint,inbnitum
1238 682 1347 750 tamen

303 768 461 845 proaedere
485 776 600 845 tempus
624 776 724 827 noctes
748 769 865 847 diesque
895 770 992 846 gignit
1017 769 1153 836 infinitas,
1178 770 1212 826 in
1235 768 1347 847 quibua

228 855 289 911 620
304 855 476 923 presentem
489 849 682 912 concordiam,
691 855 861 926 pactamque
871 845 981 920 junctis
991 848 1098 905 dextris
1111 844 1295 914 fldem,'leves
1303 846 1348 905 ob

303 942 403 983 nemas
413 926 608 1003 dissipabunt:
629 926 681 983 ubi
701 926 761 984 leto
772 928 899 1001 sopitum
915 928 1062 1003 humoque
1073 926 1224 983 eonditum
1240 938 1348 999 meum

176 1070 179 1077 ·
256 996 1202 1159 ,audatia?illiardtldtrffliutsstitil
1219 1004 1347 1150 iffi:

223 1166 288 1226 '625
304 1160 383 1219 baud
402 1162 482 1227 enim
500 1157 664 1234 jucundum
684 1169 728 1218 est
748 1162 881 1219 tacendae
898 1174 943 1220 r'es
955 1161 1045 1240 effari
1057 1163 1119 1218 siue
1129 1172 1178 1218 me
1188 1160 1224 1217 iis
1236 1161 1347 1217 immo*

304 1240 372 1307 rari,
386 1239 518 1317 aquibus
534 1258 614 1298 orsus
626 1259 707 1312 sum3
729 1241 874 1317 promissis
887 1242 944 1297 tuis
957 1241 1046 1296 modo
1058 1256 1184 1304 maneus,
1197 1238 1348 1315 iidemque

303 1335 415 1377 serves:
438 1336 632 1395 necunquam
644 1320 721 1377 dices
737 1319 879 1394 (Edipunr
899 1319 1032 1376 inutilem
1047 1319 1107 1374 loci
1116 1315 1204 1390 hujus
1215 1316 1346 1376 incabm

304 1404 336 1455 te
347 1397 499 1472 accepisse,
511 1400 536 1454 si
548 1398 664 1475 quidem
679 1398 730 1455 Dii
742 1416 790 1455 me
805 1414 865 1454 non
877 1397 1042 1455 fefellerint.

230 1483 292 1542 630
346 1470 411 1533 cii.
430 1475 458 1532 0
478 1476 553 1543 Rex,
573 1472 746 1549 jamdudum
763 1477 811 1533 hic
830 1477 874 1533 vir
892 1477 955 1533 baec
975 1482 1005 1533 et
1024 1475 1093 1533 talia
1112 1472 1348 1535 mmmodebuie

305 1559 391 1612 terrae
424 1555 602 1613 restiturum
615 1573 646 1611 se
659 1555 804 1629 praelicat.
1199 1622 1202 1627 ,

344 1630 371 1688 Τ
405 1671 413 1686 ·
434 1633 518 1700 Quis,
526 1651 633 1710 quaeso,
645 1634 845 1693 benevolentia
856 1648 917 1689 non
923 1632 1132 1708 complectatur
1141 1632 1230 1713 talem
1238 1632 1347 1699 viram,

306 1712 357 1770 aui
370 1712 498 1786 primum
517 1712 633 1788 quidem
655 1712 802 1786 hospitalis
824 1711 902 1787 apud
919 1729 972 1768 nos
992 1728 1042 1767 ara
1056 1728 1170 1786 semper
1181 1710 1347 1789 communi!

232 1792 292 1855 685
307 1791 370 1848 esti
391 1790 507 1848 Deinde
525 1791 648 1865 supplex
666 1790 801 1849 Deorum
815 1791 970 1867 ingressus,
992 1797 1135 1865 terraque
1147 1791 1217 1865 huie
1228 1788 1348 1847 et'milri

307 1868 451 1925 tributum
464 1869 542 1926 haud
560 1869 700 1945 exiguum
720 1869 830 1944 pendit.
870 1868 1004 1929 Quorum
1016 1886 1073 1944 ego
1085 1868 1226 1944 religione
1238 1872 1347 1931 mobis,

308 1962 457 2023 nunquam
472 1943 535 2019 ejus
555 1943 713 2022 repudiabo
734 1947 877 2023 gratiam
898 1957 1002 2004 eontra
1023 1955 1123 2003 autem
1144 1948 1176 2002 in
1195 1942 1249 2002 hee
1268 1952 1348 2003 terra

307 2024 405 2081 sedem
418 2026 446 2081 ei
458 2025 600 2101 praebebo.
639 2027 704 2082 Sive
723 2025 772 2082 hie
789 2043 875 2084 suave
891 2032 935 2082 est
952 2025 1059 2100 hospiti
1071 2041 1198 2091 manere,
1211 2023 1266 2081 tibi
1277 2028 1349 2081 eund

233 2113 294 2169 640
309 2102 451 2160 tuendum
474 2105 654 2161 committam
665 2128 673 2172 ς
695 2104 754 2160 sive
776 2122 861 2161 suave
883 2115 927 2161 eat
950 2121 1066 2160 mecum
1087 2104 1139 2169 ire,
1159 2103 1266 2179 horum
1279 2108 1349 2161 utro

308 2181 396 2246 voles,
410 2198 462 2256 per
473 2200 520 2238 me
533 2182 611 2248 lieet,
625 2189 718 2249 utem,
731 2183 858 2258 OEdipe;
880 2184 920 2240 sic
932 2183 1011 2239 enim
1022 2182 1077 2239 tibi
1088 2199 1174 2257 opem
1185 2181 1289 2240 feram.

347 2258 441 2318 OED.
462 2261 489 2317 0
502 2261 628 2337 Jupiter,
642 2262 747 2319 talibus
760 2262 827 2319 viris
839 2261 959 2338 dignam
972 2260 1110 2335 rependas
1122 2257 1267 2336 gratiam!

348 2337 416 2396 ΤΗ.
435 2338 514 2401 Quid
526 2357 600 2416 ergo
613 2341 673 2397 vis?
694 2340 853 2398 domumne
865 2358 961 2398 meam
975 2338 1074 2396 abire?
1223 2338 1226 2343 ’

350 2417 444 2475 ΟΕΙ).
467 2418 585 2476 Utinam
598 2418 640 2476 fas
653 2427 728 2476 emet
740 2417 831 2476 mihi!
854 2425 884 2476 at
895 2419 942 2476 hic
954 2424 999 2474 est
1010 2417 1130 2474 loeus-

233 2503 293 2562 845
348 2495 417 2554 TH.
438 2495 475 2553 In
487 2514 545 2573 quo
557 2497 625 2573 quid
638 2516 667 2554 es
679 2497 828 2554 fauturus?
850 2497 1001 2554 nonenim
1015 2496 1161 2557 obsistam.
1256 2502 1259 2507 '

348 2574 443 2633 OED.
463 2575 500 2631 In
513 2592 570 2651 quo
583 2593 631 2631 eos
643 2575 794 2650 superabo,
810 2575 860 2653 qui
872 2593 920 2632 me
933 2571 1091 2647 ejecerunt.

263 2722 266 2727 ι
349 2652 418 2711 ΤΗ.
439 2653 566 2711 Uberem
580 2653 716 2729 proedicas
728 2654 857 2710 fructum
869 2661 928 2710 tuae
940 2652 1017 2727 apud
1030 2670 1082 2708 noe
1092 2644 1258 2710 mansionis.

349 2730 444 2788 OED.
464 2732 495 2793 Si
508 2732 623 2808 quidem
637 2732 784 2806 promissis
796 2733 853 2788 tuis
865 2740 933 2799 stas,
946 2731 1017 2789 dum
1029 2732 1090 2788 haec
1102 2730 1274 2805 praestitam.

349 2808 418 2867 ΤΗ.
438 2809 510 2866 Mea·
519 2810 638 2886 quidem
650 2828 736 2868 cama
747 2809 876 2883 confide:
898 2826 1048 2887 nunquam
1060 2815 1090 2865 te
1101 2808 1232 2884 prodam.

349 2887 443 2946 OED„
465 2888 554 2946 Haud
567 2889 703 2966 equidem
715 2897 745 2946 te
754 2886 932 2962 juramento,
946 2897 980 2947 ut
991 2887 1124 2953 infidum,
1137 2885 1275 2962 alligabo.

348 2958 418 3025 ΤΗ.
438 2965 527 3024 Haud
540 2969 618 3025 enim
631 2969 672 3025 sic
683 2968 757 3044 plus,
771 2985 860 3044 quam
872 2967 952 3026 nudo
963 2968 1105 3044 promisse
1115 2965 1215 3029 ferres.

232 3057 297 3117 ιω
350 3046 444 3104 OED.
463 3047 620 3108 Quomodo
632 3048 724 3124 igitur
734 3047 843 3104 facies?

348 3123 418 3183 ΤΗ.
439 3121 600 3197 cujusnam
612 3131 642 3182 te
654 3126 698 3183 rei
709 3125 835 3185 maxime
847 3131 929 3185 tenet
941 3123 1057 3186 metus?

351 3203 446 3261 OED.
466 3204 593 3262 Venient
605 3205 699 3262 viri-

275 3306 278 3311 ·
348 3280 420 3341 ΤΗ,
439 3283 479 3340 At
490 3283 552 3339 istie
564 3300 641 3340 eura
653 3284 710 3340 hoc
722 3283 787 3342 erit.

352 3360 446 3421 OED.
466 3360 551 3429 Vide,
563 3361 588 3418 si
599 3379 647 3419 me
659 3362 838 3439 relinquis-
964 3418 966 3424 ,

351 3439 420 3498 ΤΗ.
439 3440 487 3498 Ne
500 3457 547 3497 me
561 3440 631 3517 quid
643 3440 720 3498 facto
732 3458 805 3516 opus
818 3439 855 3496 sit
868 3439 948 3500 doce.

236 3528 298 3595 055
352 3518 599 3579 odoramenti
611 3519 653 3577 ita
665 3536 779 3577 nemsse
791 3525 845 3577 est.

352 3596 422 3655 ΤΗ.
440 3599 482 3655 At
495 3615 595 3656 meum
606 3615 657 3656 cor
669 3615 730 3656 non
742 3599 836 3656 timet.

354 3675 448 3733 OED.
468 3676 569 3734 Nescis
583 3695 652 3754 quas
665 3677 800 3736 minas-··¹

352 3753 420 3812 ΤΗ.
440 3755 506 3812 Seio
516 3755 651 3832 equidem
664 3763 693 3814 te
705 3756 854 3814 neminem
864 3751 1015 3812 hominem
1026 3750 1096 3810 hinc
1104 3747 1299 3811 abduuurum
1307 3748 1362 3809 in-

253 3824 260 3849 *
314 3832 416 3908 gratiis
429 3834 510 3891 meis.
549 3833 659 3892 Multas
672 3834 789 3912 quidem
809 3832 912 3899 minas,
932 3832 1080 3909 multaque
1102 3829 1200 3888 inania
1211 3828 1359 3888 rerbaira

239 3917 300 3985 060
315 3910 389 3968 solet
399 3912 535 3987 ,proferre
541 3935 550 3982 3
574 3913 625 3970 sed
647 3913 762 3990 quando
774 3929 856 3969 mens
878 3910 916 3968 ad
936 3929 967 3967 se
991 3911 1076 3977 mdia
1098 3906 1224 3966 evanidus
1244 3905 1359 3965 abeunt

315 3989 455 4049 minacia.
494 3990 541 4048 Sic
564 3990 630 4061 illis,
656 3992 768 4063 etiamsi
792 3991 868 4048 forte
893 4006 929 4045 eo
951 3993 1152 4068 processerunt
1170 3986 1296 4053 feroniae,
1319 3992 1360 4045 nt

227 4118 232 4133 ι
314 4069 625 4147 attoeissimaquaeque
645 4071 851 4128 minitarentur
872 4069 948 4125 cirea
965 4077 1048 4125 tuam
1067 4064 1277 4130 reductionem,
1289 4065 1360 4122 lon-

315 4162 388 4223 gum
410 4147 561 4211 videbitur,
584 4150 719 4215 satscio,
739 4166 793 4205 nec
811 4145 982 4223 navigabile,
997 4146 1075 4223 quod
1094 4146 1152 4202 huc
1171 4140 1362 4201 venienubus

250 4218 262 4247 '¹
316 4224 514 4285 emetiendum
525 4226 582 4295 erit
592 4225 722 4304 pelagus.
749 4226 835 4285 Bono
847 4226 939 4303 igitur
950 4234 980 4283 te
993 4242 1056 4281 esse
1068 4224 1175 4291 auimo,
1189 4220 1265 4301 velpa

235 4313 299 4379 ⁶65
317 4314 385 4368 Μ
401 4303 591 4385 widradus
610 4320 729 4388 aequura
745 4322 808 4383 esse
820 4304 975 4383 semmei
990 4310 1022 4369 te
1034 4302 1093 4369 aar
1104 4298 1262 4392 deduxitjn
1349 4300 1354 4313 “
