2776 4882
220 400 226 414 ,
307 330 372 392 seo
457 334 459 338 ⁴
712 312 936 385 noscunt.

310 496 373 553 hoec
390 495 452 553 visu
471 492 623 551 insomnia.
663 491 785 559 Verum,
802 510 893 560 soror,
905 492 984 550 bisce
1003 491 1142 558 subservi,
1154 508 1218 569 quse
1238 488 1354 571 tibique

312 581 342 630 et
356 574 428 631 mibi
440 573 547 631 cedunt
559 571 703 637 vindictae,
716 581 749 629 nt
761 579 793 629 et
804 572 972 631 mortalium
985 572 1117 629 omnium
1130 570 1290 639 carissimo,
1299 570 1352 649 qui

312 652 389 727 apud
401 651 509 709 inferos
521 658 574 715 est,
587 651 736 707 communi
748 652 833 726 putri.

238 735 296 789 465
352 730 419 788 CH.
438 730 489 787 Pie
502 729 584 805 virgo
603 729 748 807 loquiturr
769 727 899 804 proinde,
912 729 938 786 si
954 728 1072 803 sapisti
1084 745 1160 794 cara,
1173 726 1216 785 illi
1235 726 1351 785 obtem·

351 809 436 867 tabis.

314 828 497 945 peCIIRYS.
516 885 643 949 Faciam,
663 894 696 943 nt
712 882 816 958 jubet:
838 903 907 943 nam
926 885 962 943 de
982 902 1014 942 re
1030 881 1110 957 justa
1127 882 1206 942 haud
1226 898 1349 941 consen·

313 973 434 1024 tansum
446 972 489 1023 est
502 964 575 1022 dnos
586 964 771 1031 contendere,
783 964 834 1022 sed
847 972 993 1022 maturate
1006 963 1124 1021 factum.
1161 960 1233 1020 Haec
1246 974 1349 1021 autem

313 1062 403 1119 quum
422 1043 586 1120 aggredior,
600 1060 653 1117 per
671 1043 749 1099 Deos
762 1060 869 1120 quaeso,
882 1044 992 1107 auricae,
1011 1040 1160 1099 silentium
1181 1040 1254 1097 mibi
1272 1056 1350 1117 prte-

238 1127 299 1187 470
312 1132 403 1194 state,
425 1139 549 1198 namque
568 1122 593 1178 si
612 1122 673 1179 brec
693 1129 788 1179 mater
807 1140 871 1179 mes
889 1120 1043 1187 resciverit,
1057 1120 1136 1179 houd
1155 1119 1218 1195 sine
1237 1136 1350 1199 magno

313 1218 380 1260 meo
392 1201 469 1259 melo
480 1198 567 1257 credo
579 1201 652 1257 istuc
664 1200 814 1275 inceptum
827 1218 874 1256 ure
886 1216 1021 1257 ausuram
1033 1218 1105 1257 esse.

353 1278 418 1338 CH.
438 1278 503 1336 Nisi
523 1294 579 1354 ego
592 1286 669 1336 vates
687 1296 753 1335 snm
772 1278 870 1343 stulto,
882 1285 968 1356 atque
989 1296 1058 1335 sans
1076 1277 1215 1334 destituta
1237 1282 1351 1343 metite,

239 1360 297 1422 475
314 1360 410 1416 veniet
428 1356 602 1413 Justitiasui
623 1358 794 1433 praenuntia,
811 1352 924 1429 justum
944 1356 1064 1413 afferens
1084 1355 1218 1413 manibus
1237 1354 1351 1413 robur:

314 1455 413 1520 poenas
425 1444 547 1513 repetet,
557 1436 577 1491 d
586 1434 654 1498 filia,
666 1437 889 1569 quamprimum.
908 1434 1001 1491 Modo
1011 1435 1089 1493 subit
1101 1434 1174 1492 mihi
1186 1450 1221 1491 eo
1233 1432 1352 1497 fidncia,

238 1518 299 1572 480
314 1524 469 1592 postquam
489 1514 585 1571 audivi
604 1522 722 1589 gratum
765 1531 782 1569 e
804 1514 950 1571 insomnio
971 1515 1117 1571 nuntium.
1157 1511 1248 1571 Haud
1269 1512 1353 1571 euim

314 1594 469 1653 immemor
479 1602 523 1650 est
534 1592 652 1667 genitor
663 1600 740 1655 tuus,
754 1593 924 1650 Graecorum
937 1610 997 1657 rex,
1011 1610 1048 1648 nc
1068 1610 1104 1649 ue
1117 1600 1200 1648 vetus·
1210 1590 1260 1649 illa
1271 1590 1355 1649 ferro

239 1670 298 1727 485
314 1690 384 1730 cusa
404 1690 507 1746 anceps
530 1671 670 1746 bipennis,
693 1689 758 1747 quae
780 1670 873 1735 illum,
885 1671 989 1727 occidit
1011 1671 1027 1727 f
1070 1670 1172 1726 issimis
1190 1687 1261 1727 curn
1280 1684 1354 1727 con-

239 1754 300 1808 490
314 1751 450 1809 tumeliis.
473 1749 630 1824 ·Multipcs
642 1750 739 1806 veniet
751 1757 781 1806 et
794 1749 980 1806 multimanus
996 1746 1147 1806 horrendis
1162 1748 1261 1805 abdita
1279 1748 1354 1805 lato·

315 1829 374 1886 bris
399 1830 499 1904 aertpes
524 1828 659 1903 Erinnys.
698 1828 888 1885 scelestorum
913 1829 991 1884 enim
1016 1837 1046 1884 et
1069 1826 1147 1884 crode
1172 1826 1352 1903 pollutnmm

238 1908 298 1963 495
315 1908 484 1982 nuptiarum
497 1906 618 1963 ambitio
630 1923 680 1963 eos
691 1906 815 1968 incessit,
824 1923 897 1982 quos
905 1901 1045 1981 conjungi
1057 1902 1136 1963 nefas
1147 1915 1218 1963 emt.
1237 1904 1354 1963 Idcirco

314 1985 430 2043 confido
449 1984 525 2042 istud
540 1984 617 2061 quod
636 1984 718 2041 nobis
738 1984 844 2061 obtigit
863 1993 1032 2060 portentum
1054 1984 1144 2047 nullo,
1164 1983 1248 2041 nullo
1265 1990 1356 2059 pecto

314 2065 468 2122 innoxium
479 2064 545 2121 fore
557 2063 671 2120 sceleris
683 2062 849 2121 auctoribus
860 2071 890 2120 et
903 2063 994 2120 sociis.
1033 2062 1168 2119 Profecto
1180 2060 1354 2119 mortalibus

240 2142 300 2195 500
315 2143 455 2201 divinatio
468 2141 550 2201 nulla
563 2150 606 2198 est
618 2143 649 2199 in
662 2140 732 2198 diris
743 2140 893 2199 insomniis
906 2159 959 2198 nec
972 2142 1003 2197 in
1017 2141 1149 2206 oraculis,
1162 2140 1217 2197 nisi
1230 2140 1287 2197 boc
1298 2156 1353 2197 no·

239 2218 452 2281 &bectoritum
471 2229 616 2294 spectmm
637 2220 710 2278 bene
733 2220 816 2279 nobis
836 2221 960 2277 cesserit.
1000 2219 1028 2275 0
1044 2219 1187 2277 laboriosa
1206 2218 1354 2297 aurigatio

315 2300 461 2378 quondam
478 2299 603 2374 Pelopis,
617 2316 704 2375 quarn
724 2298 857 2356 luctuosa
877 2296 1010 2357 exstitisti
1031 2298 1098 2356 huic
1116 2298 1219 2355 tertre!
1242 2316 1281 2355 ex
1333 2312 1353 2353 o

239 2379 299 2431 510
314 2380 394 2437 enim
414 2380 446 2435 iu
465 2395 545 2435 mare
565 2394 691 2453 praeceps
710 2376 795 2435 dutus
806 2377 941 2455 Myrtilus
952 2377 1072 2439 interiit,
1086 2377 1181 2434 aureis
1192 2394 1209 2431 e
1221 2377 1300 2434 curri

280 2488 283 2493 ·
314 2458 407 2515 diram
427 2474 481 2532 per
499 2455 704 2514 contumeliam
723 2473 833 2532 magno
851 2456 959 2533 impete
978 2450 1097 2527 ejectus,
1119 2455 1201 2513 nulla
1222 2470 1353 2533 nuquam

238 2530 297 2587 ⁸15
314 2537 426 2595 destitit
437 2536 474 2592 ab
486 2535 541 2592 hac
553 2534 642 2592 domo
652 2552 814 2593 aernmnosa
826 2535 982 2596 calamites,

354 2613 470 2672 CLYT.
491 2613 601 2680 Solutn,
621 2621 654 2671 ut
675 2614 786 2676 videris,
807 2616 935 2691 et‘agaris
954 2633 1069 2674 rursus:
1092 2630 1154 2671 non
1172 2614 1253 2673 enim
1270 2610 1352 2671 adest

314 2692 476 2769 AEgisthus,
486 2691 536 2768 qni
548 2700 578 2747 te
590 2691 724 2750 cohibere
736 2692 820 2757 solet,
828 2710 865 2749 ue
874 2694 952 2751 foras
965 2694 1099 2769 prodiens
1112 2693 1235 2751 infames
1243 2708 1349 2769 cognu-

239 2766 299 2823 520
315 2780 360 2829 tos
373 2783 455 2829 tuos:
477 2787 556 2827 nune
568 2787 646 2836 veto,
660 2770 728 2847 qnia
739 2770 789 2829 ille
800 2770 891 2839 abest,
904 2773 978 2830 nibil
990 2773 1129 2832 revereris
1140 2790 1199 2829 me.
1231 2770 1272 2829 Et
1282 2786 1350 2827 sone

314 2851 407 2910 multa
419 2849 456 2908 ad
468 2849 575 2906 multos
586 2847 685 2907 dixisti
697 2848 734 2907 de
747 2867 805 2916 me,
818 2857 853 2908 ut
865 2852 997 2926 petulans
1009 2852 1075 2918 sim,
1087 2858 1118 2910 et
1133 2856 1242 2927 proter
1259 2848 1303 2907 tas
1320 2858 1350 2905 et

314 2928 524 3083 tribuit
536 2934 644 3064 ‘siff‘
664 2930 896 3065 “attilii
909 2929 1056 3066 iiiii,-
1071 2929 1162 3067 iiii
1177 2926 1358 3065 bilta

239 3080 297 3136 525
314 3086 392 3154 dico,
403 3085 478 3143 mate
490 3085 608 3142 audiens
621 3085 716 3142 abste
735 3086 857 3161 saepius:
879 3026 986 3145 εοίῗὶξῐ
1006 3093 1119 3164 petrem
1138 3094 1234 3149 tuum,
1254 3084 1352 3143 nullm

314 3167 394 3223 enim
405 3164 460 3220 tibi
470 3164 544 3221 alius
557 3173 602 3222 est
610 3159 778 3243 jurgiorum
790 3174 958 3241 protentus,
970 3186 989 3224 a
1001 3184 1049 3225 me
1060 3166 1188 3223 occisum
1207 3162 1318 3223 tuse:
1332 3180 1354 3219 ι

313 3262 363 3302 me
382 3242 499 3320 quidem
509 3267 518 3313 ;
541 3243 660 3317 pulchre
680 3243 710 3299 id
729 3244 789 3300 seio
798 3246 819 3315 ς’
830 3262 884 3302 nee
903 3262 956 3303 cur
977 3262 1083 3323 negem
1102 3244 1165 3302 ulle
1182 3260 1269 3300 cumr
1288 3248 1351 3299 eet:

315 3339 440 3399 namque
452 3321 537 3378 illum
550 3321 569 3376 J
571 3322 669 3378 ustitia
680 3322 806 3389 sustulit,
816 3323 895 3381 hund
906 3341 963 3401 ego
975 3325 1046 3390 sola,
1055 3323 1103 3380 cui
1115 3322 1237 3381 decebat
1247 3330 1279 3379 te
1287 3318 1350 3397 opi·

239 3394 299 3449 530
314 3401 413 3467 tuleri,
435 3401 461 3456 si
480 3417 551 3457 sana
572 3410 670 3456 mente
692 3400 809 3457 fuisses:
832 3401 1066 3480 quandoquidem
1088 3409 1172 3479 pater
1195 3400 1247 3459 ille
1270 3406 1351 3464 tw,

314 3480 516 3558 quemlugere
528 3494 590 3535 non
605 3478 721 3542 desinis,
733 3496 904 3556 germpusm
924 3488 1004 3537 tuam
1024 3496 1156 3539 sororem
1172 3479 1251 3537 solus
1269 3478 1350 3535 θω-

312 3576 415 3617 eorum
427 3574 517 3615 ansus
527 3564 571 3613 est
584 3556 734 3615 immolare
746 3557 824 3622 Diis,
833 3560 949 3617 tametsi
964 3576 1064 3635 parem
1076 3558 1129 3616 ille
1139 3574 1202 3616 nou
1211 3556 1348 3617 msunutt

312 3638 442 3695 laborem
461 3635 621 3712 gignendo,
642 3637 718 3693 sicut
737 3654 795 3714 ego
816 3637 1013 3714 parturiendo,
1052 3636 1110 3695 Sed
1127 3644 1209 3695 estox
1231 3642 1266 3694 tu
1284 3649 1348 3693 vero

240 3707 297 3763 535
314 3735 363 3775 me
375 3716 446 3774 doce
458 3713 542 3787 cujus
552 3715 649 3790 grstia
666 3715 746 3772 illam
765 3717 910 3777 mactavit.
938 3716 1163 3797 ·’Asgivorumne
1180 3714 1278 3773 diceet
1313 3713 1348 3771 tt
1374 3772 1377 3777 .

314 3794 431 3852 nullum
453 3802 518 3851 erat
538 3794 596 3850 illis
617 3789 667 3865 jus
690 3812 786 3853 meam
805 3794 971 3854 occidendi:
1001 3793 1059 3852 Sed
1080 3800 1200 3871 propter
1219 3792 1346 3857 fisum,

315 3872 413 3938 credo,
435 3871 629 3929 Illonelauml
650 3873 749 3928 occisis
773 3873 856 3939 meis,
879 3890 977 3932 nonne
1002 3873 1106 3947 debuit
1127 3872 1166 3931 ob
1190 3872 1254 3931 brec
1279 3870 1354 3930 mihi·

241 3942 301 3997 ³4⁰
316 3969 417 4028 poenas
429 3950 497 4007 dare
510 3951 519 4005 ἓ
542 3965 602 4006 non
613 3949 817 4026 ipsi-Menelao
828 3952 916 4011 liberi
927 3961 1011 4010 erant
1029 3951 1153 4029 gemini,
1163 3968 1237 4029 (ptos
1255 3949 1348 4028 potin!

204 4074 206 4079 .
316 4047 405 4108 quam
422 4046 518 4085 meum
537 4029 614 4085 mori
633 4038 859 4089 consentaneum
878 4037 951 4097 erat,
964 4042 1046 4107 patre
1064 4036 1095 4087 et
1116 4038 1211 4088 mette
1225 4030 1349 4107 genitos,

317 4124 442 4187 quorum
465 4124 553 4163 cause
572 4114 704 4181 suscepte
726 4115 789 4165 erat
810 4109 862 4167 ille
882 4110 1046 4185 expeditio)
1085 4108 1236 4167 Oreumue
1258 4104 1351 4181 unior

315 4189 471 4245 incesserat
483 4185 589 4261 cupido
600 4203 691 4252 meos,
703 4204 792 4262 qnam
803 4186 891 4263 illius,
904 4188 1010 4245 liberos
1028 4186 1208 4247 devomndli
1228 4204 1271 4253 au
1288 4202 1351 4263 pere

240 4255 298 4312 545
315 4266 456 4325 ditissimo
468 4265 544 4341 patri
555 4264 713 4322 exstinctus
725 4272 788 4322 emt
799 4283 884 4325 umor
895 4284 967 4345 ergo
976 4266 1128 4324 liberosex
1139 4280 1188 4325 me
1196 4272 1352 4343 smocptoc,

315 4352 346 4405 et
358 4344 475 4425 vigebat
484 4360 557 4423 erga
567 4343 676 4403 liberos
684 4340 832 4407 Meneni?
867 4345 938 4408 Non
956 4346 1020 4407 hoec
1033 4344 1194 4419 inconstdti
1209 4358 1246 4407 ue
1265 4342 1355 4407 mb-
