2776 4882
200 310 203 315 .
297 258 362 323 us
578 240 771 329 marrus
792 232 1055 324 eunomus

296 427 423 503 nuptias,
443 425 676 505 calamitabsque
698 446 749 486 ore
769 428 909 505 exprobas
930 430 1074 506 improbo,
1093 445 1162 507 quas
1178 446 1236 507 ego
1248 426 1341 489 miser

222 512 280 572 965
297 508 353 565 tuli
364 507 488 567 invitus:
511 506 576 564 Diis
597 508 676 564 enim
697 509 740 565 ita
752 509 844 565 visum
857 518 910 573 est,
924 510 1003 565 iratis
1020 509 1096 566 forte
1117 510 1220 586 generi
1233 510 1351 566 noenu*

296 593 423 663 veterem
436 585 475 642 ob
486 584 614 661 aliquam
626 587 752 660 culpam.
790 585 842 643 Me
861 588 940 644 enim
961 588 1055 662 ipsum
1077 587 1156 645 haud
1177 586 1341 665 quidquam

296 665 366 723 mali
378 664 583 721 commeruisse
602 681 717 740 arguas,
740 683 798 741 qua
809 666 904 741 gratia
916 667 978 722 haec
990 667 1022 722 iu
1036 684 1082 723 me
1095 684 1231 743 meosque
1243 665 1342 722 sumt«

222 748 281 809 970
296 743 385 801 serim
397 742 517 819 flagitia.
555 741 634 799 Nam
656 742 728 799 doce
751 761 808 809 me,
830 743 922 809 sodes,
940 744 964 799 si
988 762 1047 820 quo
1069 744 1178 801 oraculi
1199 746 1349 819 responso‘

60 872 62 877 .
94 872 101 887 ,.
175 882 177 887 ,
316 821 468 879 redictum
480 819 537 878 fuit
550 821 635 896 patri,
649 830 835 907 peremptum
847 822 932 878 illum
949 823 985 878 iri
997 840 1016 878 a
1029 823 1099 889 filio,
1113 834 1172 900 qu'o
1180 819 1250 894 jure
1261 820 1338 879 mihi

295 840 352 959 loc
366 898 532 975 exprobres,
555 899 606 975 qui
621 916 675 956 nec
691 918 709 956 a
728 908 811 974 patre
831 907 901 956 tunc
922 912 1009 963 satus,
1031 918 1085 958 nec
1098 920 1115 958 a
1127 909 1222 959 matre
1233 916 1343 957 conoe*

296 986 373 1056 ptus,
395 977 519 1036 necdum
537 985 693 1053 generatus
714 994 802 1035 eram.
843 979 874 1036 Si
893 995 961 1034 vero
979 985 1064 1036 natus
1087 979 1198 1048 infelix,
1223 986 1259 1036 ut
1277 982 1344 1055 agir
1366 1028 1371 1037 .

214 1062 280 1129 ,975
296 1062 469 1123 natussum,
482 1072 551 1113 cum
569 1056 653 1131 patre
665 1056 797 1113 conserui
815 1074 928 1122 manus,
943 1075 1066 1134 eumque
1079 1058 1178 1124 occidi,
1191 1064 1246 1115 nec
1258 1054 1344 1133 quod

273 1182 275 1187 .
295 1137 407 1195 facinus
418 1135 614 1201 admitterem,
628 1152 682 1192 nee
700 1136 733 1192 in
744 1151 841 1212 quem,
854 1136 946 1191 sciens
954 1159 963 1207 3
986 1136 1037 1212 qui
1050 1137 1124 1193 mihi
1136 1135 1215 1215 quod
1226 1137 1340 1210 impru-

296 1216 369 1273 dens
381 1231 435 1271 neo
446 1213 579 1270 consulto
591 1212 648 1270 feci
657 1209 737 1285 juste
754 1221 848 1270 vertas
864 1214 999 1272 crimini?
1021 1213 1134 1291 Ecquid
1146 1232 1215 1271 vero
1225 1231 1289 1273 non
1308 1220 1340 1271 ts

295 1293 396 1369 pudet,
416 1292 541 1367 perdite,
562 1293 664 1350 matris
688 1302 771 1355 mere,
795 1311 861 1369 quae
883 1302 936 1350 tua
959 1293 1048 1350 fuerit
1067 1310 1159 1360 soror,
1172 1293 1209 1350 de
1225 1291 1345 1367 nuptiis

221 1375 282 1439 000
296 1389 401 1448 cruere
418 1388 466 1430 me
483 1369 582 1447 loqui?
604 1388 668 1447 quae
691 1369 788 1447 quales
810 1371 929 1437 fuerint,
952 1389 1022 1428 mox
1044 1370 1158 1428 dicam:
1180 1370 1345 1445 remenim·
1382 1380 1384 1385 ’

294 1451 412 1508 silentio
433 1465 494 1506 non
505 1465 648 1523 premam,
662 1466 752 1526 quum
772 1457 806 1506 tu
818 1449 941 1524 impium
953 1450 1032 1508 hunc
1042 1467 1206 1507 sermonem
1218 1466 1342 1508 exorsum

295 1530 342 1588 sis.
381 1528 498 1603 Peperit
514 1527 594 1584 enim
614 1545 672 1593 me,
693 1528 806 1602 peperit
828 1529 898 1602 (heu
911 1534 1053 1604 quantum
1071 1536 1116 1584 est
1128 1527 1231 1599 malil)
1251 1527 1351 1603 igne·-

294 1626 363 1669 rum
376 1608 496 1683 ignara:
517 1614 667 1682 materque
685 1605 787 1664 eadem
806 1624 872 1663 mea
890 1606 995 1663 deinde
1011 1606 1127 1672 liberos,
1139 1607 1341 1683 suimetipsius

220 1684 279 1752 9'85
295 1686 446 1762 probrum,
458 1684 572 1759 peperit
591 1684 672 1742 mihi.
713 1682 822 1741 Verum
835 1702 928 1742 unurn
940 1685 1043 1742 saltem
1059 1686 1115 1742 hoc
1127 1686 1200 1743 mihi
1212 1684 1341 1752 consut,

295 1764 455 1842 tequidem
467 1764 547 1821 ultro
559 1756 664 1837 meq'ue
677 1770 707 1819 et
720 1762 801 1820 illam
814 1764 858 1820 his
870 1780 976 1839 urgere
994 1765 1146 1821 conviciis:
1167 1781 1225 1840 ego
1236 1772 1339 1823 autem

295 1861 361 1901 eam
381 1842 487 1900 inritus
507 1840 587 1908 duxi,
611 1841 774 1917 invitusque
797 1841 860 1899 haec
881 1843 993 1919 loquor.
1033 1842 1090 1900 Sed
1113 1842 1286 1919 nequidem
1298 1842 1347 1901 ob·

295 1923 347 1979 has
360 1920 477 1995 nuptias
489 1919 581 1976 malus
593 1919 777 1993 perhibebor,
788 1937 882 1996 neque
894 1921 932 1977 ob
945 1938 1020 1987 eam,
1028 1938 1116 1997 quarn
1126 1921 1198 1979 mihi
1207 1916 1345 1993 objectae

219 1991 281 2067 090
295 2016 397 2077 usque,
410 1997 519 2055 eaedem
539 2005 700 2073 paternam,
714 1999 816 2057 acerbo
828 1999 1013 2074 exprobrans.
1056 2000 1156 2057 Unum
1169 2001 1250 2057 enim
1262 2000 1344 2061 nitu

295 2077 437 2153 responde
458 2076 553 2133 solum
576 2076 653 2153 quod
674 2083 704 2133 te
726 2077 886 2153 interrogo.
925 2077 956 2135 Si
978 2079 1041 2154 quis
1060 2085 1100 2144 te,
1110 2074 1224 2150 justum
1241 2078 1346 2147 illum„

295 2157 391 2216 subito
404 2153 452 2213 hie
464 2154 601 2212 invadens
614 2156 757 2230 perimere
769 2162 933 2223 conaretur,
946 2172 1127 2233 quaereresne
1139 2163 1240 2214 utrum
1251 2165 1340 2233 pater

219 2229 279 2300 995
295 2237 416 2301 isesset,
430 2234 523 2312 quite
545 2233 632 2290 vellet
654 2235 793 2302 occidere,
807 2252 845 2293 an
857 2253 925 2292 vero
937 2237 1035 2292 statim
1048 2236 1245 2292 ulciscereris?
1265 2252 1345 2295 sane

254 2374 259 2385 ,
294 2315 439 2380 existimo,
451 2313 476 2369 si
496 2311 613 2389 quidem
631 2313 721 2371 vitam
740 2332 829 2381 amas,
847 2313 1013 2389 improbum
1034 2315 1219 2381 ulciscereris,
1240 2331 1346 2393 nequa'

230 2388 233 2395 '
294 2393 365 2471 quid
374 2389 489 2464 justum
501 2391 705 2450 considerares.
745 2392 828 2449 Talia
840 2393 956 2469 quidem
975 2401 1004 2448 et
1024 2393 1085 2468 ipse
1102 2392 1191 2450 incidi
1205 2393 1236 2451 in
1248 2394 1345 2461 mala,

295 2470 366 2531 Deis
377 2469 565 2541 ducentibus3
587 2469 690 2545 quibus
703 2487 741 2527 ne
753 2471 881 2528 animam
895 2470 1011 2546 quidem
1030 2472 1129 2546 patris,
1141 2473 1166 2528 si
1178 2472 1345 2540 reviviscat,

198 2549 279 2615 low
293 2551 441 2608 contraria
459 2548 611 2626 dicturam,
622 2566 683 2604 esse
703 2549 815 2624 opinor.
855 2550 895 2606 At
914 2558 958 2619 tu,
980 2548 1059 2607 haud
1078 2550 1157 2608 enim
1174 2549 1282 2625 probus
1294 2569 1344 2625 esf

293 2628 457 2699 sedomnia
478 2625 557 2683 dictu
574 2625 696 2683 honesta
716 2634 833 2701 putans,
855 2627 943 2685 fanda
964 2617 1151 2704 infandaque,
1173 2628 1243 2686 talia
1261 2629 1339 2689 mihi

291 2723 392 2767 eoram
404 2707 450 2763 his
461 2704 631 2781 exprobras:
647 2714 677 2762 et
689 2704 742 2762 tibi
750 2705 857 2764 Thesei
869 2723 978 2762 nomen
990 2706 1102 2764 adulari
1109 2707 1247 2765 decomm
1256 2706 1344 2765 vide-1

294 2794 353 2853 tur,
365 2786 604 2860 Athenarumque
625 2784 739 2851 urbem,
762 2792 796 2841 ut
819 2802 884 2862 quae
900 2785 1043 2860 praeclaris
1060 2786 1208 2843 habitetur
1224 2787 1344 2847 incolis·

200 2866 277 2929 1005
294 2864 358 2922 Nec
371 2872 479 2928 tamen,
493 2880 585 2939 quum
596 2863 637 2919 sic
650 2863 743 2920 multa
759 2862 867 2929 laudas,
881 2864 936 2920 hoc
949 2865 1117 2930 meministi,
1130 2864 1234 2922 urbem
1247 2866 1340 2935 hanc,

200 2976 202 2981 ·
294 2944 319 3001 si
339 2962 397 3021 qua
417 2943 474 3000 alia
492 2942 561 2998 deos
578 2943 659 2998 novit
681 2942 840 2999 honoribus
861 2942 966 3008 colere,
984 2942 1127 3018 religione
1139 2959 1241 3001 omnes
1251 2952 1342 3001 ante‹

176 3052 179 3056 ·
293 3022 416 3090 cellere;
437 3018 517 3079 unde
538 3027 571 3077 tu
594 3021 752 3097 supplicem
771 3038 819 3078 me
840 3037 996 3096 senemque
1015 3020 1220 3079 furtoconaris
1239 3021 1345 3097 ipsum

168 3168 171 3175 ,
201 3105 279 3163 1010
293 3101 436 3159 abducere
454 3099 610 3173 captivum,
623 3100 770 3176 raptisque
789 3098 902 3156 filiabus
921 3100 994 3157 meis
1013 3099 1162 3176 aufugere.
1200 3101 1346 3163 Quorum·

293 3197 351 3258 ego
363 3197 441 3237 nunc
452 3178 547 3255 gratia
559 3177 647 3235 hasce
661 3177 739 3235 Deus
755 3178 891 3235 invocans
909 3184 993 3253 rogo,
1006 3186 1038 3235 et
1049 3180 1182 3252 precibus
1193 3180 1338 3255 supplico,

293 3268 328 3318 ut
339 3259 435 3319 adsint
447 3255 522 3317 mihi
539 3257 657 3326 auxilio,
671 3273 729 3335 quo
742 3256 833 3316 diseas
845 3256 975 3336 qualibus
988 3275 1005 3314 a
1017 3257 1086 3315 viris
1097 3258 1160 3316 haec
1170 3258 1347 3319 custodiam

294 3340 372 3398 urbs.
405 3338 410 3347 '
897 3348 912 3362 ‘

199 3419 280 3478 1015
331 3418 398 3478 CH.
417 3417 519 3477 Bonus
531 3424 576 3477 est
585 3418 633 3476 hic
646 3417 758 3492 hospes,
772 3414 855 3474 brer
862 3439 872 3488 3
890 3415 941 3474 sed
952 3415 1075 3475 exitialis
1085 3416 1193 3493 premit
1205 3433 1275 3477 eum
1287 3435 1343 3478 ou.

292 3496 417 3566 lamitas,
430 3516 495 3574 quae
509 3497 622 3556 vindice
634 3496 724 3573 digna
735 3501 788 3554 est.

330 3576 398 3636 ΤΗ.
417 3578 581 3636 Verborum
606 3576 675 3633 satis
697 3579 756 3631 est:
778 3590 848 3632 nam
872 3573 916 3632 illi
940 3574 1059 3652 quidem
1078 3580 1209 3650 raptores
1228 3592 1346 3655 prope.·

292 3663 376 3714 ronti
398 3673 451 3713 nos
464 3675 541 3724 vero,
555 3655 606 3732 qui
617 3650 726 3726 injuria
737 3651 832 3711 affecti
843 3670 953 3721 sumus,
966 3653 1016 3711 hle
1027 3663 1144 3712 stamus.¹

333 3733 396 3790 CR.
417 3735 505 3802 Quid,
520 3751 627 3814 qnaeso,
641 3732 784 3789 imbecillo
797 3732 921 3799 homini,
932 3740 967 3790 ut
978 3732 1074 3799 faciat,
1089 3734 1234 3808 imperas?

103 3820 112 3837 ·
197 3798 278 3878 1000
331 3810 399 3870 ΤΗ.
420 3813 463 3870 Ut
474 3814 555 3872 illam
570 3811 740 3889 ingrediaris
757 3811 845 3876 viam,
856 3829 961 3889 meque
974 3829 1011 3868 eo
1022 3811 1165 3869 deducas:
1186 3818 1230 3877 ut,
1243 3811 1347 3874 sicubi

293 3891 326 3949 iu
337 3890 383 3948 his
395 3891 464 3951 locis
477 3894 612 3968 virgines,
626 3899 738 3948 nostras
750 3891 887 3965 hospitas,
899 3889 1021 3956 detines,
1034 3890 1096 3966 ipse
1108 3891 1181 3948 mihi
1192 3906 1241 3946 eas
1251 3892 1338 3950 exhi-

293 3968 377 4027 beas:
399 3970 504 4027 sivero
517 3966 695 4045 aufugerunt
707 3978 847 4043 raptores,
861 3985 921 4025 non
933 3977 977 4024 est
990 3969 1069 4045 quod
1080 3969 1262 4026 laboremus:
1285 3971 1345 4031 alii·

292 4049 372 4106 enim
392 4055 470 4116 sunt,
483 4050 534 4124 qui
548 4054 688 4104 contento
707 4063 794 4105 cursu
811 4064 861 4103 eos
883 4056 1105 4125 persequuntur,
1123 4064 1194 4124 quos
1206 4046 1286 4125 quod
1298 4068 1344 4111 ex
1382 4047 1384 4051 ’

197 4128 276 4206 3005
292 4127 347 4184 hac
366 4135 445 4205 terra
465 4127 633 4204 effugerint,
656 4142 811 4203 nunquam·
825 4124 870 4182 illi
890 4125 956 4183 Diis
978 4134 1044 4183 vota
1065 4127 1237 4202 persolvent.
1277 4125 1341 4187 Sed

291 4204 383 4283 praei:
404 4223 528 4283 agnosse
541 4221 619 4271 vero,
631 4211 667 4261 ut
679 4213 781 4265 teneus
800 4203 908 4264 teneris
928 4205 1000 4279 ipse,
1020 4210 1110 4281 utque
1127 4212 1284 4263 venantem
1305 4216 1342 4263 te

277 4283 370 4371 ,sapit
390 4282 529 4375 hausei
555 4283 625 4360 dolo
645 4282 727 4366 paim
743 4281 831 4371 uss
848 4283 971 4365 amia
987 4283 1104 4369 stubba
1123 4299 1187 4374 aon
1204 4291 1341 4393 umens
