2776 4882
531 208 804 350 'surranum
1131 228 1231 348 roo

151 446 357 523 tucamur,
378 452 428 512 m'e
445 448 487 511 sic
507 448 643 513 σοιιῑῖεἱίο
659 452 842 548 impetireris·
881 450 1025 533 Adducite
1038 448 1189 513 bueillud
1206 456 1265 518 ido

151 532 269 602 odium,
280 540 315 591 ut
326 532 366 591 ob
376 530 475 591 oculoe
487 530 566 589 illico
577 540 713 609 presenn
723 532 866 591 moriatur
876 532 1009 607 mumma
1019 548 1133 609 sponso.
1265 590 1268 595 ,

190 606 319 669 REM..
332 608 424 669 Hand
435 628 504 669 sane
516 626 564 668 me
575 624 666 687 prope
684 610 825 677 adstante,
837 626 877 668 ne
892 616 927 666 tn
942 610 998 668 hoc
1016 626 1146 687 unquam
1156 610 1190 669 in

153 690 288 747 animum
309 688 437 756 indues,
457 688 519 749 hec
540 694 638 746 eoram
657 688 778 763 peribit,
800 704 894 765 neque
910 695 946 745 tu
962 704 1090 767 unquam
1102 694 1189 765 eaput

153 782 256 825 memo
268 767 428 825 oeudstuis
441 764 585 825 obversari
596 766 715 833 videbis,
726 776 763 825 ut
774 766 829 825 tibi
838 781 926 841 porro
935 766 1012 825 inter
1023 767 1131 825 amicus
1141 768 1188 825 in-
1205 766 1264 831 765

156 844 358 913 umretieest,
371 842 423 923 qui
434 852 464 901 te
476 845 551 902 ferre
562 845 660 902 velint.
889 839 892 847 ’
1256 842 1261 855 “

193 920 262 980 cti.
282 920 342 980 liic
358 925 402 981 vir
416 923 497 991 abiit,
511 922 602 987 orex,
615 924 659 979 ira
678 920 855 981 concitatum
875 923 957 999 atqui
968 922 1026 981 tale
1038 922 1189 1001 ingenim
1281 941 1284 945 ·

157 998 257 1059 dolore
269 1002 372 1060 ardens
383 1001 420 1059 ad
433 1004 541 1059 atrocia
551 998 627 1059 facta
638 1018 805 1077 comparare
817 1018 848 1057 se
860 1001 942 1058 solet.

192 1074 260 1137 cli.
279 1080 343 1157 Age
354 1076 454 1149 abeut3
475 1078 569 1146 iaciat,
582 1079 691 1155 cogitet
702 1096 790 1155 supra
801 1076 959 1137 humanam
967 1086 1090 1140 sortem:
1103 1080 1189 1149 hasce

160 1162 259 1217 limen
272 1156 383 1233 puellas
394 1175 455 1214 non
466 1158 597 1215 liberabit
609 1166 712 1215 morte.

193 1234 272 1307 cll:
281 1234 403 1313 Ergone
414 1243 569 1313 utramque
581 1242 676 1293 morte
687 1234 812 1292 multare
824 1234 968 1293 destinae?
1206 1234 1266 1301 770

163 1390 166 1395 Ι
195 1310 261 1372 CR.
280 1310 370 1373 Hnud
381 1313 499 1394 quidem
510 1316 589 1373 illam
608 1332 673 1392 quae
685 1312 806 1371 cadaver
813 1330 874 1371 non
885 1314 1000 1390 attigit:
1020 1316 1190 1379 recteenlm
1213 1314 1226 1322 ‘

157 1404 268 1451 munes.

196 1466 266 1528 CH.
284 1468 422 1532 Quonam
436 1476 614 1528 autemeam
626 1467 766 1545 supplicio
778 1466 879 1527 atomis
891 1470 1040 1529 occidere?
1178 1530 1187 1547 ,

196 1546 262 1607 CR
282 1547 443 1605 Abductam
462 1548 494 1605 in
512 1548 622 1614 locum,
636 1546 687 1604 ubi
707 1548 788 1604 nulla
810 1548 869 1607 sint
888 1549 1042 1607 hominum
1064 1548 1189 1629 vestigio,

156 1636 246 1684 tneo
260 1625 299 1682 in
317 1644 404 1701 specu
422 1628 515 1683 viram
537 1625 702 1689 recondam,
719 1626 912 1692 tautsslocibi,
926 1634 1067 1703 quantum
1079 1630 1192 1704 piaculo
1206 1618 1266 1689 776

159 1705 287 1771 situatis,
299 1705 441 1780 apposito,
452 1713 485 1760 ut
497 1706 574 1760 necis
586 1704 672 1761 illatae
680 1704 794 1761 crimen
804 1704 996 1781 totaeffi1giat
1009 1708 1122 1765 civitas:
1136 1708 1191 1766 ibl-

158 1798 218 1861 qne
227 1780 350 1850 Orcum,
361 1800 446 1858 quem
453 1782 549 1839 solum
561 1782 631 1839 colit
638 1777 780 1849 Deorum,
790 1783 922 1859 rogando
929 1784 1006 1841 forte
1014 1785 1191 1861 impetrabit,

159 1868 195 1918 ut
206 1878 245 1917 ne
260 1868 385 1918 mortem
402 1860 503 1931 obeat,
525 1868 577 1918 aut
598 1868 670 1918 tunc
688 1860 806 1917 tandem
827 1861 927 1930 discet,
949 1879 1192 1939 supervaomeum
1207 1852 1272 1920 780

159 1954 221 1997 esse
232 1938 372 2007 laborem,
384 1939 410 1995 si
424 1939 488 2015 quis
499 1938 578 1995 Deos
590 1939 697 1995 inferos
709 1939 793 1996 colat.

201 2014 267 2075 CH.
286 2016 378 2075 Amor
389 2018 503 2080 invicte,
515 2017 603 2075 nullis
622 2016 732 2074 artibus
748 2016 917 2093 superabilis
928 2018 1030 2085 Amor,
1044 2020 1094 2098 (pri
1105 2037 1194 2097 pecu-
1271 2085 1273 2089 ¹

160 2092 234 2154 dum
244 2096 397 2153 visceribus
407 2094 601 2173 illaberis,qui
611 2094 774 2171 puellarum
784 2095 919 2153 mollibus
928 2096 1053 2154 excubas
1059 2098 1092 2155 iu
1099 2094 1192 2175 genis,

161 2175 345 2232 trum-marin
355 2180 454 2230 autern
466 2190 604 2249 permees,
617 2182 807 2249 penetrasque
818 2180 848 2228 te
859 2174 892 2230 in
903 2172 1031 2231 ferarum
1040 2174 1138 2234 abdita
1148 2176 1192 2235 lu·
1208 2166 1270 2231 786

162 2260 238 2324 stm3
260 2269 314 2310 nee
326 2261 356 2310 te
368 2253 577 2310 immortalium
589 2252 740 2328 quisquam
755 2252 860 2329 fugere
868 2251 945 2327 potis
956 2263 1010 2320 est,
1030 2270 1084 2311 nec
1101 2253 1193 2313 brevis

162 2330 215 2389 επ·
226 2332 387 2388 hominum.
414 2330 552 2409 Quisquis
561 2347 629 2386 vero
641 2337 671 2385 te
680 2331 817 2405 concipit,
829 2330 862 2386 in
872 2328 1002 2388 furorem
1013 2330 1119 2409 agitur.
1145 2334 1194 2393 Tu
1209 2328 1271 2387 790
1333 2416 1335 2421 Ι
1384 2356 1387 2362 ·

162 2408 210 2466 rel
225 2405 372 2481 justorum
393 2416 505 2467 mentes
526 2408 621 2465 devias
641 2408 747 2484 abripis
765 2408 803 2465 ad
825 2425 948 2466 noxam:
969 2417 1004 2467 tu
1037 2426 1134 2488 noque
1147 2412 1194 2470 irt-

164 2490 211 2544 ter
221 2488 450 2565 mnsanguineos
461 2488 537 2544 viros
548 2486 631 2543 litem
646 2486 721 2543 hanc
741 2488 907 2546 concitasti=
928 2428 1077 2565 praepollet
1095 2496 1194 2548 autern
1209 2483 1230 2544 7
1230 2482 1270 2539 95

166 2566 260 2641 pelam
272 2582 426 2641 erumpens
439 2565 611 2627 desiderium
626 2565 748 2640 expetiti
765 2565 904 2623 connubii
923 2564 1055 2643 pulchrae
1065 2584 1192 2645 spuusae:

167 2644 242 2720 quod
254 2660 323 2703 eum
335 2646 469 2703 maximis
481 2644 559 2707 inter
576 2642 660 2701 initia
671 2660 772 2701 rerum
783 2644 895 2721 legibus
907 2646 971 2722 puri
982 2644 1137 2722 prmditum
1152 2654 1196 2704 eat

170 2730 318 2797 potestate.
357 2722 562 2797 Insuper-abilis
574 2722 654 2779 enim
666 2720 762 2778 illudit
773 2720 840 2779 Dea
851 2720 959 2781 Venus.
999 2724 1081 2787 Quin
1092 2720 1195 2799 etjam
1212 2716 1273 2773 8⁰⁰

168 2798 225 2875 ipse
241 2802 322 2865 ultra
340 2800 453 2861 licitum
474 2801 554 2857 feror
572 2801 634 2857 haec
654 2816 785 2867 cernens,
798 2818 853 2858 neo
868 2801 993 2877 amplius
1111 2820 1197 2863 arum

171 2876 405 3015 mcobibere
416 2879 508 2948 valeo,
521 2896 613 2958 quum
624 2879 893 2957 Antigounm'henc
905 2880 990 2937 video
1001 2880 1038 2939 ad
1111 2882 1117 2896 '
1131 2883 1197 2941 tha-
1212 2873 1270 2939 8⁰5.

206 2958 354 3096 mpept
390 3036 456 3094 'uite
467 3052 525 3104 me,
538 3034 557 3092 d
572 3036 674 3111 patriae
692 3035 774 3094 urbis
789 3036 874 3102 eires,
885 3033 1021 3093 ultimam
1032 3036 1197 3114 ingredien-

174 3113 227 3171 iem
243 3116 329 3179 riom,
349 3132 370 3172 u
395 3116 403 3131 ¹
434 3130 542 3193 umque
558 3108 647 3187 jubar
667 3116 831 3172 inurentem
851 3113 934 3181 Solis,
957 3114 1030 3171 mihi
1048 3114 1198 3193 nunquam
1214 3110 1275 3165 81⁰

178 3192 283 3264 posthae
293 3192 466 3256 ridendum:
487 3192 537 3250 sod
556 3210 604 3250 me
621 3193 784 3252 communis
802 3192 895 3249 Orcus
913 3194 1007 3250 vivam
1028 3192 1145 3251 deducit
1160 3194 1199 3251 ad

177 3266 339 3329 dehemus
350 3286 442 3339 oram,
451 3268 561 3349 jugalis
570 3277 719 3347 expertem
731 3272 798 3339 tori,
808 3288 862 3328 nec
874 3289 922 3328 me
931 3272 1067 3348 nuptialis
1075 3272 1198 3350 hymnus
1214 3266 1274 3328 815
1311 3283 1314 3289 ’

179 3346 316 3409 talebmrit
326 3352 473 3429 unquam:
495 3348 547 3407 sed
557 3350 719 3408 Acherunti
730 3356 859 3425 nuptum
869 3352 951 3408 abeo.

211 3426 271 3486 cn.
289 3426 375 3506 Ergo
385 3428 504 3487 celebris
516 3435 548 3485 et
558 3428 674 3487 leudem
693 3434 788 3496 naua,
801 3429 833 3486 in
844 3431 896 3486 has
913 3427 1003 3486 abibis
1015 3424 1199 3487 mortuorum

149 3518 153 3563 .·
181 3496 298 3574 lttebms,
311 3522 366 3563 nee
377 3506 481 3565 tabidis
492 3506 645 3583 absumpta
655 3506 775 3574 morbis,
786 3523 841 3564 nec
856 3506 1021 3584 gladiorum
1040 3509 1116 3564 ictus
1132 3518 1199 3589 per3
1215 3512 1275 3570 820

149 3577 157 3645 l,
184 3585 586 3657 maseniliberanivmaola
614 3584 1027 3651 ‘uemortnliumadOrcum
1036 3582 1198 3643 decenos.

182 3670 185 3677 '
210 3662 296 3722 dNT.
316 3662 501 3723 S'aneaudiri
611 3664 669 3722 'am
680 3664 835 3741 quamdam
844 3662 963 3720 Tantali
971 3658 1060 3720 filiam
1073 3662 1200 3723 miserri-
1237 3706 1239 3711 -

182 3748 244 3800 mm
255 3742 374 3817 periisse
384 3758 501 3801 summo
512 3743 543 3799 in
576 3742 663 3819 ipylo,
676 3759 774 3820 quam,
795 3740 877 3798 velut
894 3740 1066 3799 circumfusa
1084 3740 1199 3806 hedera,
1217 3748 1275 3813 825

183 3820 252 3878 then
263 3820 433 3896 perdomuit
450 3821 644 3899 germinatio:
664 3818 720 3879 'nec
733 3822 824 3896 ipsam
835 3816 928 3876 imbre
940 3822 1155 3897 liquescentem,
1167 3815 1201 3878 tit
1253 3816 1258 3849 ³

149 3910 151 3975 ξ
181 3888 244 3965 fimo
256 3898 338 3977 vulgi
349 3906 405 3967 est,
413 3900 465 3958 nix
476 3916 605 3977 unquam
618 3898 735 3966 deserit,
746 3906 896 3958 manantes
936 3918 952 3955 e
964 3916 1001 3956 ex
1012 3900 1101 3956 oculis
1110 3894 1200 3975 lacry'·
1216 3905 1277 3960 88⁰

181 3984 225 4032 tre
244 3984 387 4055 perpetuo
405 3994 472 4036 rure
492 3979 592 4056 rigant
611 3978 752 4036 cervices:
773 3978 821 4035 cui
838 3994 888 4035 me
932 3985 1013 4037 atum
1025 3974 1202 4036 simillimam
1257 3978 1262 4004 ·'
1341 4006 1345 4013 ·

209 4132 272 4193 cu.
293 4098 394 4204 istm
406 4128 536 4195 onerat
553 4140 585 4191 et
600 4132 903 4211 uonootugentta2
925 4134 1202 4193 novemoomrnes
1218 4134 1280 4211 aaa

173 4217 204 4269 'et
218 4210 337 4269 mortali
354 4210 497 4290 smgoine
517 4212 600 4271 creti.
639 4212 823 4289 Quamquam
833 4212 888 4273 tibi
904 4214 1020 4275 mortali
1031 4210 1202 4291 preclarum
1243 4208 1247 4214 ’

177 4289 824 4437 upgpipppeeqmmnusotrpmee
1002 4308 1005 4313 ·
1124 4352 1126 4357 .
