2776 4882
315 279 382 346 969
720 276 943 349 ELECTRA.

353 449 416 507 EL.
436 448 519 509 Num
531 451 780 528 ergotuillees?
1322 468 1326 475 ·

353 529 420 587 OR.
440 528 507 588 Hoc
528 530 635 590 intuita
653 532 743 607 patris
764 533 825 592 mei
844 532 984 613 sigillum,
1003 548 1142 612 pernosce
1161 552 1203 595 an
1216 552 1286 598 rere
1304 532 1353 599 dir

314 623 387 666 mm·
1320 626 1327 647 “.

352 685 416 744 EL.
436 685 700 745 Oearissimalux!
852 739 858 754 ,
1182 688 1194 699 ‘

353 763 420 823 OR.
442 765 603 829 Carissimo,
617 765 720 840 etipse
732 770 833 825 testor.

222 843 298 901 1995
352 842 415 903 En.
435 844 540 909 Ouox,
554 844 712 902 edienistil

352 921 420 981 OR.
440 900 488 979 lle
500 921 618 980 aliunde
631 923 757 998 amplius
769 922 922 983 sciscitare.

351 999 415 1057 EL.
434 999 572 1058 Teneone
584 1007 615 1058 te
628 1001 782 1059 manibus?

352 1078 419 1137 OR.
440 1079 803 1154 Sicinposlerumteneos
814 1078 944 1156 semper!
1191 1110 1194 1115 >

351 1156 415 1215 EL.
435 1156 462 1214 0
482 1159 635 1216 carissimae
658 1158 803 1224 mulieres,
822 1156 841 1213 d
861 1161 936 1216 cives
958 1158 1086 1236 optimas,
1106 1160 1201 1221 videte
1219 1163 1350 1225 Oresten

312 1234 403 1304 hunc,
415 1243 566 1295 mortuum
579 1236 696 1313 quidem
717 1237 806 1295 modo
817 1238 904 1295 vafris
920 1239 1101 1304 commentis,
1114 1257 1194 1299 nunc
1209 1260 1279 1301 vero
1297 1260 1348 1303 ea·

312 1314 381 1373 dem
392 1321 455 1373 arte
466 1315 612 1390 sospitem.

218 1395 300 1454 1980
352 1392 417 1451 CH.
438 1392 587 1460 Videmus,
600 1395 620 1452 0
632 1391 700 1460 iilia,
712 1400 743 1451 et
755 1411 816 1468 prae
827 1393 936 1471 gaudio
948 1402 1009 1454 tam
1021 1395 1242 1456 resonemus
1252 1396 1350 1477 lacry-

314 1490 370 1530 mae
382 1471 464 1530 uobis
477 1489 514 1530 ex
524 1472 612 1530 oculis
624 1479 792 1548 erumpunt.

220 1554 296 1613 1935
351 1549 415 1609 EL.
435 1550 470 1608 Io
481 1549 594 1608 soboles
613 1552 740 1626 corporis
752 1550 827 1621 mihi
845 1551 994 1620 carissimi,
1006 1552 1111 1613 venisti
1122 1552 1250 1624 tandem,
1262 1572 1349 1637 repe·

311 1628 384 1692 sisti,
398 1628 552 1704 adspexisti
565 1645 636 1707 quos
648 1629 775 1688 maxime
785 1629 930 1704 cupiebas.

350 1706 417 1768 ΟΒ.
438 1708 604 1779 Adeamus,
625 1707 676 1765 sed
689 1708 777 1766 tacita
788 1708 932 1784 opperire.

349 1784 415 1844 En.
433 1785 513 1847 Quid
525 1803 593 1844 vero
606 1787 673 1843 est?

350 1864 417 1924 OR.
435 1864 659 1923 Taceremelius
672 1864 739 1931 erit,
750 1881 789 1921 ne
801 1864 866 1941 quis
877 1863 957 1923 intus
968 1865 1111 1925 exandiat.

219 1948 297 2005 1940
349 1942 413 2002 EL.
421 1996 425 2001 .
432 1943 473 2000 At
484 1945 573 2010 enim,
585 1944 627 2000 ita
639 1959 686 1999 me
696 1937 779 2012 juvet
790 1950 868 2000 casta
879 1961 992 2019 semper
1003 1944 1109 2012 Diana,
1122 1962 1273 2026 nunquam
1284 1964 1348 2008 me-

310 2020 456 2158 tueqdum
465 2021 635 2083 existimabo
648 2021 752 2098 inutile
764 2020 838 2081 illud
848 2021 928 2081 domi
940 2041 1033 2101 usque
1044 2023 1176 2083 desidem
1188 2028 1348 2089 mulierum

351 2119 370 2159 n
391 2119 433 2159 us.
1357 2120 1364 2131 ⁴

309 2118 416 2237 poOR.
435 2179 546 2237 Videsis
558 2186 667 2247 umen,
681 2184 715 2237 ut
727 2177 896 2239 midieribus
908 2178 998 2237 etiam
1017 2180 1138 2240 martius
1150 2188 1195 2240 est
1208 2182 1344 2245 animus:

309 2259 431 2335 pulchre
442 2260 498 2316 hoc
511 2259 589 2317 nosti
598 2266 717 2335 experta
729 2257 810 2316 olim.

152 2398 155 2402 ,
219 2341 295 2398 1945
349 2336 413 2395 EL.
434 2337 584 2395 Atettate!
606 2337 786 2395 mentionem
798 2335 876 2393 haud
897 2334 1048 2396 obscuram
1067 2334 1161 2411 injicis
1173 2340 1254 2403 mali,
1267 2340 1359 2421 quod-

218 2421 297 2477 1950
311 2416 394 2475 nobis
405 2426 540 2476 exortum
551 2422 606 2482 est,
618 2432 769 2494 nunquam
776 2414 918 2481 solubilis,
931 2432 984 2472 nco
996 2433 1124 2493 uuquam
1136 2417 1288 2480 delebilis

349 2495 416 2553 OR.
437 2494 514 2553 Novi
526 2496 588 2552 haec
601 2512 734 2572 quoque=
754 2493 806 2550 sed
819 2510 909 2570 quum
921 2499 1035 2569 tempus
1047 2498 1205 2565 monuerit,
1217 2498 1344 2558 tumbe·

310 2592 377 2634 rum
390 2591 489 2631 rerum
502 2574 668 2632 meminisse
680 2571 835 2648 oportebit.
991 2644 996 2655 1
1260 2628 1263 2633 ,
1319 2604 1325 2619 ’

218 2655 293 2714 1955
348 2652 412 2712 EL·
433 2651 562 2713 Quodvis
574 2652 658 2717 mibi,
671 2650 791 2727 quodvis
814 2666 893 2707 nunc
904 2650 1043 2709 idoneum
1055 2650 1143 2709 fuerit
1160 2653 1279 2730 tempus
1289 2654 1345 2715 isia

309 2732 417 2789 merito
441 2731 599 2808 conqueri:
620 2729 667 2788 vix
679 2729 759 2787 enim
780 2744 859 2785 nunc
880 2730 999 2789 tandem
1020 2731 1094 2789 mihi
1111 2746 1283 2794 concessum·
1299 2740 1344 2794 est

308 2808 424 2878 liberel
460 2809 502 2866 ui.
869 2808 873 2814 ’

347 2887 414 2945 OR.
424 2825 587 2946 odssentior
599 2885 663 2953 tibi,
676 2903 765 2967 quere
777 2881 865 2944 facito
877 2895 912 2947 ut
923 2887 980 2947 hoc
988 2902 1151 2948 conserves.

346 2965 412 3025 ΕΒ.
431 2966 513 3027 Quid
525 2966 658 3042 agendo?
1265 3022 1270 3039 ‚

347 3045 414 3103 OR.
434 3045 494 3102 Ubi
506 3062 566 3104 non
579 3051 777 3122 opportunum
787 3046 840 3111 est,
852 3044 913 3103 noli
925 3046 1036 3121 prolixe
1047 3044 1151 3103 dicere.

217 3127 295 3184 1900
346 3121 413 3182 EL-
432 3122 493 3185 Qui
506 3130 615 3191 autem,
629 3131 658 3181 te
681 3123 755 3181 mihi
772 3122 1003 3199 inconspectum
1021 3123 1099 3187 dato,
1113 3138 1230 3200 equum
1241 3132 1345 3202 putem

309 3201 425 3261 silentio
445 3218 609 3261 sermonem
631 3208 821 3268 commutare,
844 3203 960 3282 quaudo
985 3209 1016 3259 te
1034 3218 1114 3259 nunc
1132 3219 1170 3260 ex
1187 3202 1345 3282 improviso

309 3288 340 3340 et
352 3288 457 3357 praeter
466 3299 549 3357 spem
560 3282 698 3339 intueor³

347 3360 413 3420 OR.
432 3359 510 3417 Tum
523 3377 571 3417 me
584 3360 689 3428 vidisti,
701 3377 791 3437 quum
802 3376 850 3416 me
862 3358 914 3417 Dii
925 3359 1107 3434 impulerunt
1119 3358 1228 3420 venire.

216 3439 293 3495 1965
348 3438 411 3498 EL.
430 3437 519 3501 Quod
531 3455 610 3495 nunc
622 3455 841 3503 commemoras,
851 3434 962 3510 majore
972 3455 1020 3496 me
1032 3438 1128 3497 multo
1135 3436 1286 3512 perscindit
1295 3438 1346 3501 le·

309 3518 384 3587 titia,
397 3517 538 3594 siquidem
558 3523 588 3573 te
597 3516 677 3574 Deus
690 3517 820 3574 incitavit
832 3522 868 3573 ut
887 3524 1016 3575 nostram
1029 3516 1142 3574 venires
1156 3514 1194 3574 nd
1213 3517 1344 3579 domum.

218 3595 295 3658 1970
310 3595 457 3673 Equidem
468 3596 599 3653 divinum
612 3596 669 3653 hoc
680 3612 741 3652 esse
752 3611 864 3653 censeo.

349 3674 416 3734 011.
428 3673 530 3733 Nolim
539 3673 657 3752 quidem
665 3674 797 3732 letitiam
805 3680 885 3731 tuam
896 3672 1153 3745 cobibere5'tamen
1160 3672 1246 3733 valde
1254 3675 1357 3737 timeo·

309 3768 349 3814 ne
358 3755 484 3811 nimium
496 3754 596 3811 animo
604 3752 765 3830 indulgeas.
1265 3812 1270 3817 .
1343 3806 1347 3813 .

348 3830 413 3890 En.
432 3833 461 3888 Ο
474 3833 524 3907 qui
532 3832 623 3907 longo
635 3842 701 3908 post
710 3839 851 3909 tempore,
860 3828 1027 3909 gratissimo
1038 3830 1171 3889 coniecto
1179 3831 1297 3901 itinere,
1305 3832 1354 3891 sie¹

218 3910 293 3976 1975
309 3910 446 3988 dignatus
458 3926 489 3967 es
502 3918 532 3967 te
552 3910 627 3970 mihi
645 3912 678 3968 in
697 3916 889 3989 conspectum
899 3908 979 3977 dare,
997 3927 1035 3969 ue
1053 3904 1102 3968 me
1121 3910 1164 3967 ita
1181 3911 1346 3975 luctuosam

307 3991 448 4049 videns-
474 4038 478 4044 .
1008 4020 1011 4026 ·

324 4138 330 4146 ,
348 4067 416 4126 ΟΒ.
435 4065 515 4128 Quid
527 4083 584 4143 ego
595 4082 657 4125 non
669 4066 795 4125 faciam?
848 4078 853 4083 '
899 4122 902 4129 ,
1101 4107 1102 4110 ,

303 4138 309 4147 ’
348 4146 413 4205 EL.
432 4144 540 4203 Neine
553 4145 705 4220 prohibeas
717 4145 868 4222 adspectus
879 4145 926 4205 tui
939 4145 1090 4220 voluptate
1102 4142 1224 4221 perflui.
1323 4200 1326 4205 .

291 4275 294 4280 .
348 4223 416 4283 oR.
436 4223 533 4283 Immo
544 4220 822 4296 succensemus
834 4226 884 4307 qui
896 4233 927 4287 te
938 4223 989 4286 alii
1001 4221 1154 4303 probibere
1165 4223 1287 4287 vellent.

348 4301 413 4367 BL.
432 4301 583 4383 approba
595 4304 686 4383 ergo?
780 4348 783 4353 ,
984 4324 987 4329 ·
1278 4322 1281 4327 ·
