2776 4882
241 286 306 348 ceo
594 276 931 375 paucorumne.

120 510 124 525 ,
166 459 226 517 800
240 470 391 530 generose,
404 469 469 529 age,
483 451 604 510 subveni
622 455 694 512 mihi
705 473 724 526 ς·
735 455 859 514 Lemnio
878 457 945 518 hnc,
959 454 1009 531 qui
1021 468 1135 510 sursum
1147 441 1290 519 volvitur,

241 535 312 609 igne
330 531 469 590 combure
489 549 547 600 me,
560 532 578 591 ὁ
590 550 740 609 generose·
783 536 858 592 Sane
877 534 1010 611 equidem
1031 533 1125 608 ipsum
1143 531 1202 587 hoc
1219 528 1288 586 offl-

241 612 331 678 cium,
344 611 422 668 hisce
440 627 493 686 pro
511 613 608 674 armis,
622 631 685 688 quae
699 623 733 669 tu
747 630 825 672 nunc
843 631 947 679 servas,
966 610 1043 667 haud
1062 611 1192 667 recusavi
1211 608 1290 664 oiim

165 691 225 746 805
241 690 321 747 Jovis
341 691 402 746 filio
425 697 569 765 praestare.
608 691 688 752 Quid
711 691 792 761 dicis,
815 693 867 758 fili,
891 691 959 769 quid
983 690 1074 746 dicis?
1096 688 1165 765 quid
1185 680 1288 745 taces?

147 791 153 802 ¹
242 768 303 828 Ubi
315 770 450 843 gentium
463 785 503 831 es,
517 768 535 825 d
549 769 636 825 nate?

279 846 425 904 NEOPT.
446 846 541 904 Doleo
550 843 735 919 jamdudum,
749 856 799 906 tua
810 866 931 924 gemens
943 847 1027 903 mala

280 925 388 984 PHlL.
409 926 510 1001 Atqui,
524 926 543 982 d
555 926 607 992 fili,
620 925 732 983 bonum
744 928 818 984 habe
831 929 971 983 animum.
1010 923 1127 998 Quippe
1142 921 1192 979 hic
1204 936 1290 979 mor·

226 1004 295 1061 'bus
314 1004 423 1061 accedit
443 1015 555 1071 acutus,
568 1006 685 1081 abitque
704 1006 789 1065 citus.
829 1006 886 1065 Sed
902 1006 1072 1066 obsecrem,
1087 1016 1124 1058 ne
1138 1019 1187 1059 me
1199 999 1288 1059 dere-

241 1084 354 1159 linquas
367 1083 471 1139 solum.

166 1159 227 1215 810
279 1161 424 1219 NEOPT.
446 1161 578 1224 Confide,
591 1160 780 1220 manebimus.

195 1246 199 1252 ’
280 1240 389 1298 PHIL.
411 1241 538 1297 Certonc
552 1239 702 1297 manebis?

280 1318 427 1376 NEOI'l'.
448 1318 483 1375 ld
495 1319 605 1396 liquido
618 1319 698 1375 scias,

241 1475 261 1533 ὁ
280 1397 388 1454 PHIL.
411 1397 502 1455 Haud
520 1415 590 1454 sanc
609 1397 652 1455 fus
672 1415 732 1454 esse
752 1396 867 1456 credam
883 1391 1080 1470 jurejurando
1098 1400 1128 1457 te
1141 1388 1287 1470 obligare,

273 1477 324 1533 fili.

279 1554 425 1613 NEOH'.
446 1554 595 1632 Siquidem
607 1553 687 1610 haud
699 1554 772 1611 mihi
783 1554 825 1611 fas
840 1561 883 1611 est
896 1554 958 1611 sine
971 1560 1001 1610 te
1013 1553 1102 1611 abire.

279 1633 387 1692 PHIL.
408 1634 488 1690 Cedo
500 1633 642 1695 dextram,
657 1632 725 1689 fidei
738 1637 851 1692 testem.

250 1750 254 1755 ·
278 1712 424 1770 NEOPT.
447 1711 496 1768 En
508 1713 635 1787 porrigo,
650 1718 680 1766 et
693 1729 810 1769 manere
823 1710 961 1787 spondeo.

279 1790 387 1849 PHIL.
408 1791 483 1847 Illuc
495 1809 542 1847 me
555 1808 643 1855 nuuc,
656 1791 778 1846 illuc--¹

280 1869 425 1927 NEOPT.
445 1868 594 1928 Quorsum
607 1870 667 1926 ais?

173 1984 177 1994 ·
279 1948 389 2005 PHIL.
409 1948 570 2005 Sursum-
1240 1958 1243 1963 ’

167 2026 225 2080 815
280 2025 428 2085 NEOI'I'.
445 2025 526 2087 Quid
545 2025 648 2084 deliras
663 2026 791 2083 itemm?
833 2024 912 2086 Quid
924 2022 1222 2100 superumcontueris
1235 2038 1292 2081 or-

241 2105 330 2164 bem?

278 2184 386 2243 PHIL.
407 2184 496 2242 Mitte
509 2202 566 2250 me,
580 2184 664 2241 mitte
677 2201 732 2241 me.

175 2260 198 2315 ·‘
278 2263 425 2322 Nuorr.
444 2264 512 2324 Quo
525 2264 661 2320 mittam?
728 2265 731 2271 '

178 2394 186 2405 .
279 2342 389 2400 PHIL.
409 2343 497 2400 Mitte
510 2341 637 2399 tandem.

280 2416 426 2479 NEOH’.
449 2420 537 2478 Haud
549 2437 618 2478 sane
631 2426 660 2476 te
673 2419 792 2476 missum
805 2416 916 2479 faciam.

280 2500 389 2557 PHlL.
409 2499 560 2565 Enecabis,
573 2500 597 2555 si
610 2517 657 2556 me
669 2500 810 2573 attigeris.

166 2625 168 2633 .
279 2578 424 2636 Nuorr.
444 2579 511 2635 Jam
524 2594 592 2633 vero
605 2585 634 2632 te
647 2577 760 2632 amitto.
782 2575 944 2652 Numquid,
953 2591 1058 2653 quaeso,
1069 2572 1176 2630 rectius
1185 2573 1261 2650 sapis

164 2655 225 2713 820
280 2656 390 2714 PHIL.
410 2657 438 2712 0
451 2663 538 2719 terra,
551 2655 759 2712 moribundum
779 2672 836 2718 me,
850 2657 895 2711 uti
914 2672 989 2721 sum,
1002 2653 1122 2728 suscipe.
1162 2651 1292 2711 Malus!

215 2754 217 2758 ⁸
239 2736 321 2792 enim
334 2735 390 2792 hoc
402 2736 477 2811 erigi
489 2752 537 2791 me
550 2750 612 2790 non
623 2734 746 2808 amplius
758 2730 837 2790 sinit.

277 2810 424 2872 NEOPT.
446 2812 535 2869 Hunc
546 2813 643 2869 virum
654 2827 742 2887 sopor
754 2829 823 2868 mox
835 2817 1027 2888 occupaturus
1038 2810 1162 2868 videtur.
1202 2808 1292 2867 Εαει

239 2892 320 2950 enim
332 2899 420 2967 caput
432 2891 598 2957 reclinatur,
612 2897 713 2949 manat
724 2890 813 2956 sudor
824 2896 921 2947 totum
939 2908 992 2965 per
1011 2906 1124 2965 corpus,
1138 2886 1292 2965 nigraquc

165 2969 223 3023 825
240 2978 372 3028 extremo
384 2971 416 3028 in
428 2970 501 3047 pede
513 2971 630 3045 dirupta
643 2987 715 3037 vena
726 2970 900 3046 sanguinem
912 2969 1048 3044 erumpit.
1068 2966 1124 3025 sed
1137 2964 1292 3045 tranquil·

239 3049 311 3116 lum,
325 3051 420 3117 amici,
432 3050 560 3106 sinamus
573 3066 651 3115 eum,
664 3056 699 3106 ut
712 3049 744 3105 in
755 3066 892 3106 somnum
904 3047 1023 3104 incidat.
1163 3074 1166 3085 .

275 3128 346 3197 cH,
364 3129 472 3186 Somne
491 3128 600 3184 doloris
619 3145 731 3204 expers,
750 3144 852 3202 expers
872 3121 1081 3199 aerumn'arum,
1100 3124 1210 3183 leniter
1228 3121 1282 3181 ad·

164 3201 225 3258 830
239 3208 350 3281 spirans
363 3207 446 3264 nobis
459 3208 565 3272 venias,
579 3224 631 3264 rex
643 3206 661 3262 ὁ
675 3208 723 3283 qui
737 3206 878 3281 placidam
891 3207 979 3262 vitam
994 3205 1082 3274 iacis3
1105 3210 1136 3260 et
1154 3203 1192 3260 ab
1210 3208 1291 3260 oc'u·'

179 3312 185 3349 ι,
238 3286 274 3342 lis
286 3303 382 3344 arceas
394 3286 576 3361 splendorem
589 3285 667 3342 hunc
679 3285 747 3342 solis
759 3286 810 3360 qui
823 3300 900 3341 nunc
920 3282 1092 3341 diffunditur
1099 3306 1108 3353 5
1130 3299 1186 3359 age
1199 3282 1275 3349 veui,

238 3365 350 3422 medice
370 3367 487 3424 Somne.
524 3363 572 3420 Tu
595 3380 673 3428 vero,
694 3363 713 3419 d
735 3363 785 3427 fili,
806 3363 872 3420 vide
892 3362 944 3419 ubi
963 3363 1111 3427 consistas,
1132 3377 1227 3437 quove
1247 3367 1273 3417 te

238 3451 343 3512 vertas,
369 3455 400 3501 et
424 3441 474 3521 qui
501 3443 574 3500 mihi
597 3442 768 3518 aggrediare
793 3440 871 3518 quod
896 3439 1111 3516 procurandum
1135 3442 1284 3514 superest.'

163 3518 223 3573 835
241 3521 350 3599 Utique
365 3520 429 3596 jam
449 3522 544 3578 uides:
566 3539 619 3578 cur
637 3530 809 3577 cunctamur
828 3520 962 3595 longius?
1003 3519 1120 3593 Quippe
1143 3519 1226 3576 omni
1246 3518 1275 3578 iu

238 3618 270 3657 re
283 3603 394 3659 occasio
407 3602 515 3677 optime
529 3599 663 3668 consulit,
676 3599 863 3676 celeriterque
876 3605 991 3674 arrepta
1009 3614 1148 3674 magnam
1160 3616 1179 3654 e
1190 3598 1286 3655 vesti·

162 3712 165 3719 ·
237 3680 289 3754 gio
301 3682 463 3754 potentiam
474 3680 598 3737 obtinet.

177 3769 180 3782 ⁷
277 3757 423 3816 NEOPT.
446 3758 504 3815 Hic
518 3758 634 3834 quidem
646 3755 721 3813 nihii
736 3757 838 3814 audit:
859 3773 961 3814 verum
980 3756 1049 3813 satis
1068 3771 1125 3832 ego
1143 3752 1277 3833 intellige

162 3833 224 3891 840
238 3837 347 3894 fmstra
368 3854 420 3894 nos
443 3837 497 3893 hac
519 3837 646 3893 telorum
669 3835 767 3910 praeda
785 3835 893 3910 potitos
912 3835 986 3901 fore,
1009 3836 1033 3890 si
1058 3834 1121 3891 sine
1140 3833 1198 3891 hoc
1215 3834 1276 3893 viro

237 3914 382 3974 abeamus.
423 3914 512 3972 Hunc
525 3916 604 3971 enim
616 3914 703 3970 decus
717 3930 805 3970 omne
819 3920 927 3980 manet,
941 3915 1020 3970 hunc
1033 3912 1114 3970 Deus
1133 3911 1275 3972 adducere

149 3995 152 4007 '
232 3990 329 4066 jussit.
367 3992 468 4068 Turpe
488 4005 587 4050 autem
607 3992 797 4068 opprobrium
817 4001 861 4048 est
883 3993 962 4050 vanis
985 3990 1131 4070 promissis
1153 3988 1276 4064 jactare,

184 4182 193 4213 s
237 4073 708 4227 qugililffisgfftergrmfficffiquidem,
736 4155 814 4215 nate,
837 4149 918 4206 Deus
942 4150 1061 4208 viderit:
1084 4166 1150 4226 quae
1175 4156 1276 4213 autem

161 4225 220 4282 845
236 4229 310 4288 mihi
323 4230 518 4304 respondebis,
531 4229 672 4290 submissa
685 4247 752 4286 voce
764 4229 835 4296 fare,
849 4230 868 4285 d
880 4230 930 4285 fili.
969 4229 1085 4303 Quippe
1095 4231 1276 4304 ,agrotantis

10 4314 17 4333 '
140 4366 143 4387 ,
236 4307 315 4397 haud
325 4309 453 4390 liquidus
465 4327 584 4373 somnus
597 4307 699 4375 omniu
706 4306 791 4371 facile
803 4307 992 4385 persentiscit.
1015 4306 1080 4392 nSed
1091 4323 1181 4387 quam
1193 4316 1277 4388 potes

1100 4627 1232 4680 q..
