2776 4882
257 237 321 314 'roo
640 228 898 312 turrentes.

163 407 240 481 1125
256 419 338 495 polin
349 415 461 477 Thebas
473 414 606 475 babitans
617 416 655 475 ad
666 418 774 478 Ismeni
784 418 894 497 liquida
906 418 1027 487 tluenta,
1035 416 1147 495 ferique
1159 415 1201 475 nd
1210 430 1300 495 teger

256 506 317 555 tem
341 496 488 553 draconis:
510 504 540 553 te
558 514 646 572 super
665 497 812 574 bicipitem
837 496 942 555 collem
965 514 1116 555 coruscam
1138 513 1294 556 sacrorum

258 576 398 649 conspicit
417 576 543 641 flamma,
566 576 616 632 nbi
640 575 766 651 Coryciae
786 576 930 651 Nymphae
950 575 1098 633 ambrdaut
1121 572 1295 642 Bacchides,

162 667 242 725 1130
258 652 446 729 Castaliaeque
458 652 551 729 liquor
564 652 639 717 fluit,
652 654 703 711 ubi
716 662 744 711 te
757 653 915 729 Nysiorum
925 654 1070 711 montium
1083 652 1193 711 hedera
1203 652 1295 712 &nse

250 726 336 808 juga,
348 731 501 808 viridisque
520 748 573 787 ora
595 732 699 803 vitibus
715 732 827 789 consita
842 737 1056 807 prosequuntur
1078 728 1294 798 immortalibus

162 820 240 887 1135
255 809 386 866 cantibus
395 810 555 873 ouantium,
563 807 703 867 Thebana
714 809 886 867 invisentem
895 810 1039 884 compita:
1053 826 1139 885 quam
1150 816 1188 867 tu
1197 808 1292 867 omni·

256 888 311 945 bus
319 886 388 943 eolis
400 888 492 963 magis
501 886 629 955 urbibus,
637 905 696 945 nna
704 904 771 945 cum
780 896 873 946 matre
886 895 938 944 tua
945 887 1076 945 fulminis
1085 888 1178 943 ventis
1185 886 1290 945 afflata.

159 977 242 1034 1140
256 965 339 1027 Quin
349 973 380 1021 et
398 983 486 1033 nunc,
508 965 623 1041 quando
645 966 776 1023 universa
795 967 892 1022 civitas
912 966 976 1023 fero
988 965 1164 1024 colluctatur
1176 964 1290 1033 morbo,

162 1056 240 1112 1145
255 1043 357 1101 adveni
369 1043 517 1101 salutifero
529 1043 611 1118 pede,
625 1042 793 1101 Parnasium
804 1061 941 1119 superans
956 1040 1073 1119 jugum,
1086 1048 1138 1101 aut
1150 1058 1289 1101 rannone

256 1124 343 1179 maris
354 1121 471 1179 fretum.
510 1122 538 1177 0
550 1123 650 1197 iguem
661 1122 832 1196 spirantium
844 1123 994 1195 praesultor
1006 1132 1160 1188 astrorum,
1170 1130 1290 1179 noctur-

162 1209 241 1267 1150
256 1215 361 1257 narum
372 1200 610 1257 vociferationum
622 1216 734 1276 praeses,
748 1215 829 1273 puer,
843 1200 921 1256 lovis
942 1200 1046 1274 proles,
1065 1214 1205 1275 appareas
1221 1213 1289 1259 tum

256 1276 357 1334 Naxiis
368 1276 543 1353 Thyiadibus
565 1278 622 1334 tuis
641 1277 804 1343 comitibus,
826 1294 889 1355 qnae
910 1286 940 1334 te
959 1279 1088 1335 furentes
1103 1276 1289 1353 pernoctibus

254 1354 380 1413 lustrant
391 1356 494 1418 eboris,
508 1355 667 1431 Orgiorum
679 1355 829 1431 presidem
843 1356 990 1413 iacchum.
1283 1374 1286 1380 ·

164 1442 240 1501 1155
294 1432 419 1493 NUNT.
439 1432 542 1491 Cadmi
553 1435 780 1511 Amphionisque
793 1433 899 1491 aedium
917 1434 1028 1501 incolae,
1045 1433 1126 1491 ntffla
1136 1441 1183 1493 est
1194 1434 1289 1493 bomi-

256 1512 302 1569 nis
322 1512 389 1576 vita,
403 1513 593 1589 qualicunque
614 1512 701 1569 modo
713 1512 871 1568 constituta
890 1512 937 1579 sit,
956 1530 1041 1590 quam
1054 1511 1101 1568 vel
1111 1512 1232 1571 laudm
1243 1512 1288 1573 vel

256 1590 372 1665 culpare
384 1592 485 1648 velim:
501 1590 632 1647 Fortuna
649 1592 727 1647 enim
736 1590 833 1665 erigit,
850 1600 881 1647 et
891 1590 1022 1648 Fortuna
1030 1590 1288 1666 deprimitfelieem

164 1678 242 1742 1160
256 1677 287 1724 et
299 1668 443 1725 infelicem
461 1686 592 1743 semper:
612 1684 667 1725 nec
679 1668 755 1727 ullus
767 1674 861 1724 certus
873 1685 968 1745 augur
982 1676 1025 1725 est
1036 1670 1166 1727 fatorum
1181 1665 1288 1727 mortn-

254 1746 338 1805 lium.
377 1747 491 1822 Quippe
504 1747 609 1811 Creon,
622 1746 646 1803 si
659 1747 808 1823 qnisquam
828 1746 911 1813 alius,
927 1766 974 1805 me
982 1744 1090 1819 judice,
1103 1747 1205 1805 beatus
1216 1754 1285 1816 erut,

257 1826 308 1901 qui
319 1833 427 1882 tertam
441 1827 514 1881 hanc
527 1824 642 1901 quidem
653 1824 809 1881 Cadmeam
818 1823 855 1881 ab
867 1825 995 1882 hostibus
1004 1824 1186 1893 liberaverat,
1197 1820 1292 1901 impe?

256 1904 357 1979 rioque
369 1902 450 1960 urbis
463 1903 572 1977 potitus
584 1919 719 1977 prospere
731 1918 797 1959 earn
809 1904 937 1978 regebat,
949 1904 1054 1959 florens
1066 1920 1209 1979 generosa
1218 1904 1283 1963 libo-

161 1989 241 2051 1165
256 1996 357 2037 rorum
370 1981 466 2057 prole:
487 1987 518 2036 st
535 1997 612 2045 nunc
632 1979 740 2055 dilapsa
759 1986 827 2036 sunt
844 1983 948 2039 omnia.
990 1979 1162 2056 Voluptates
1174 1980 1281 2039 enimsi

257 2059 320 2135 quis
331 2059 376 2115 vir
387 2059 523 2122 amiserit,
536 2057 614 2114 haud
625 2058 759 2134 equidem
772 2064 843 2133 puto
854 2059 938 2116 illum
950 2061 1054 2124 uvore,
1067 2058 1118 2115 sed
1126 2060 1279 2117 enimenim

257 2154 318 2193 esse
341 2137 468 2194 cadaver.
507 2136 618 2211 Opibus
637 2136 716 2193 enirn
733 2136 840 2210 polleas
855 2137 1044 2214 ‚quantumvis
1056 2134 1147 2204 domi,
1166 2138 1278 2194 etum

164 2224 243 2295 1170
255 2216 337 2292 regio
357 2214 525 2293 splendore3
548 2222 647 2272 tamen
667 2214 692 2271 si
714 2214 788 2271 absit
809 2215 852 2271 his
869 2215 1019 2290 gaudium,
1031 2221 1198 2293 ceteraegn
1213 2212 1277 2273 fumi

255 2295 359 2355 umbra
370 2295 448 2352 haud
460 2294 580 2350 emerim
592 2293 653 2349 viro
665 2310 725 2368 prae
737 2294 892 2369 voluptate.

293 2372 359 2429 CH.
377 2372 456 2435 Quid
467 2389 574 2430 novum
585 2370 641 2427 hoc
653 2371 763 2431 malum
775 2380 830 2436 est,
841 2371 917 2449 quod
926 2370 963 2428 de
975 2371 1091 2449 regibus
1101 2372 1275 2429 nonnarum

258 2450 358 2507 venis?
429 2456 432 2464 '
605 2456 608 2461 '

178 2550 182 2560 ·
296 2526 422 2587 NUNT.
441 2527 554 2586 Mortui
565 2532 652 2585 sunt:
673 2528 799 2583 viventes
812 2534 911 2585 antem
922 2526 1003 2585 fuere
1015 2544 1101 2585 eausa
1112 2526 1236 2585 mortis·

295 2604 362 2665 CH.
380 2606 422 2662 Et
452 2608 498 2664 uis
509 2607 650 2682 peremit?
672 2606 734 2681 quis
746 2622 815 2661 vero
827 2614 994 2682 peremptus
1007 2608 1071 2662 est?
1093 2606 1157 2663 ede.

162 2690 240 2761 1175
293 2682 419 2747 NUNT.
471 2702 567 2743 aemon
577 2683 705 2753 interiit3
726 2683 815 2758 ipsius
828 2684 877 2740 sed
890 2702 980 2742 manu
991 2691 1173 2754 cruentatur.

294 2762 360 2820 CH.
380 2762 511 2820 Patrisne
522 2762 604 2827 dicis,
617 2778 654 2819 en
667 2775 719 2820 sun
730 2762 818 2836 ipsius
830 2762 941 2820 uranu?
1223 2766 1226 2771 '

293 2838 418 2897 NUNT.
440 2841 504 2915 lpse
517 2858 547 2897 se
556 2841 688 2915 peremit,
701 2840 777 2915 putri
788 2841 879 2897 iratus
891 2841 929 2897 ob
941 2858 1051 2916 sponsa
1064 2844 1175 2907 necem'.

295 2918 360 2976 ClI.
380 2919 408 2975 Ο
419 2932 506 2983 vates,
520 2936 607 2996 quom
618 2934 686 2975 vera
698 2934 769 2994 ergo
781 2919 915 2993 praedixti
928 2918 1032 2976 niinis!

232 3004 238 3011 ’
294 2996 421 3061 NUNT.
439 2998 539 3059 Quum
551 2998 628 3054 sicse
640 3012 685 3054 res
696 2994 830 3062 habeant,
844 2996 880 3053 de
892 2998 994 3054 ceteris
1004 2996 1152 3053 consulere
1165 2994 1277 3075 expedit

163 3074 242 3140 1180
294 3076 361 3148 CH.
374 3075 466 3151 Atqui
474 3075 557 3133 video
567 3076 701 3133 miserum
711 3072 883 3151 Eurydicem
892 3092 994 3151 prope,
1004 3072 1127 3133 uxorem
1136 3075 1278 3135 creontis:

253 3151 313 3290 'ppo
322 3162 422 3212 autem
431 3154 519 3213 domo
527 3172 642 3231 egressa
650 3172 680 3211 se
689 3153 803 3211 confert
810 3154 856 3211 vel
864 3154 964 3212 audito
976 3154 1028 3211 filii
1036 3170 1114 3218 casu,
1124 3156 1172 3211 vel
1180 3150 1278 3215 temet!

295 3240 347 3289 est.
1192 3259 1196 3267 ·

294 3310 388 3369 EUR.
407 3308 436 3367 0
448 3328 497 3369 vos
509 3329 619 3378 omnes,
637 3312 798 3387 quicunque
821 3310 933 3378 adestis,
955 3312 1039 3378 cives,
1061 3327 1225 3369 sermonem
1241 3324 1279 3365 ve·

163 3394 350 3477 1185511οω
368 3389 475 3454 audivi,
488 3407 578 3465 quum
599 3392 673 3446 ostio
693 3391 923 3465 propinquarem,
947 3406 1107 3465 egressura,
1119 3397 1153 3446 ut
1166 3384 1279 3447 Polam

257 3467 410 3526 delubrum
421 3466 541 3533 adirem,
558 3468 688 3543 Deaeque
706 3467 872 3525 adhiberem
893 3485 999 3543 preces.
1036 3468 1077 3524 Et
1089 3468 1214 3540 claustra
1225 3462 1279 3543 qui·

256 3548 324 3604 dem
336 3546 456 3603 occlusae
469 3558 560 3622 portae
579 3548 720 3612 laxabam,
739 3563 829 3623 quum
846 3563 929 3603 aures
950 3546 1023 3603 mihi
1040 3545 1109 3602 ferit
1124 3562 1227 3603 rumor
1237 3545 1280 3603 do·

257 3625 368 3685 mestici
390 3625 474 3682 mali:
496 3633 577 3683 metu
598 3626 729 3699 perculsa
748 3624 878 3681 revolvor
896 3626 1000 3698 supina
1018 3626 1096 3681 inter
1115 3623 1282 3681 amdam

166 3708 243 3769 1190
257 3720 369 3769 manus,
382 3711 412 3759 et
423 3703 538 3780 linquor
549 3704 657 3761 animo.
697 3703 806 3760 Verum
825 3706 887 3780 quis
906 3703 962 3759 fuit
981 3704 1035 3759 iste
1047 3718 1154 3769 sermo,
1172 3716 1282 3761 rursum

256 3780 360 3837 dicite:
381 3782 523 3839 malorum
537 3783 617 3842 euim
629 3798 811 3859 nequaquam
822 3783 973 3857 inexperta
983 3779 1109 3838 audiam.

296 3856 421 3917 NUNT.
440 3859 583 3935 Equidem
602 3860 667 3925 tibi,
689 3876 756 3916 cara
775 3860 855 3924 hera,
876 3860 971 3915 dicam
990 3860 1090 3916 omnia
1110 3874 1220 3923 corum,
1237 3872 1287 3915 nee

258 3935 414 4015 quidquam
434 3940 652 4010 praetermittam
671 3938 738 3995 veri.
777 3937 856 3998 Quid
875 3938 955 3995 enim
977 3944 1008 3993 te
1026 3936 1170 3993 deleniam
1189 3936 1288 4003 verbis,

166 4020 241 4083 1195
257 4031 322 4089 quae
334 4020 434 4087 postea
446 4014 518 4071 falso
530 4016 633 4073 dixisse
645 4015 862 4091 deprehendar?
883 4022 962 4072 recta
973 4031 1087 4089 semper
1100 4032 1147 4071 ree
1159 4020 1205 4085 est
1216 4014 1289 4072 veriq

168 4094 173 4101 '
256 4097 309 4148 tus.
328 4090 426 4149 Tuum
440 4092 557 4167 quidem
568 4084 624 4171 e'go
635 4089 792 4172 conjugem
802 4099 926 4151 sectatus
935 4111 1010 4160 sum,
1020 4092 1096 4153 viam
1108 4092 1137 4149 ei
1146 4107 1291 4167 praemone

186 4173 191 4195 ¹
255 4175 350 4227 straus
371 4177 535 4228 extremum
554 4173 586 4228 in
597 4188 741 4247 campum,
754 4171 805 4227 ubi
821 4171 946 4229 nefando
962 4170 1051 4228 modo
1067 4166 1184 4242 jacebat
1196 4170 1291 4244 adbuc¹

256 4246 375 4329 panibtu
394 4248 553 4311 laceratum
573 4249 716 4327 Polynicis
736 4249 872 4315 nadaver:
893 4257 925 4334 et
944 4248 1026 4318 iliud,
1043 4249 1154 4326 prouti
1164 4246 1295 4321 'l‘riviun
