2776 4882
302 300 368 362 sss
585 284 776 358 1111111
800 240 1081 360 11111111

130 512 133 518 -
211 471 288 528 11115
303 465 480 544 sppsmcrit,
493 471 524 523 et
536 464 573 523 ad
585 473 749 524 extremum
761 466 824 542 ipsa
842 483 930 524 mors.
969 458 1082 524 Netum
1095 482 1156 525 nou
1168 482 1241 534 esse,
1253 473 1349 527 sortes

304 547 393 603 vincit
405 547 475 604 alias
487 562 601 603 omnes:
624 548 756 620 proxima
774 552 873 602 autem
890 554 943 609 est,
957 545 1008 602 ubi
1021 547 1085 621 quis
1097 547 1129 603 in
1139 545 1238 605 lucem
1251 546 1350 605 editus

194 650 198 657 ·
303 625 403 691 fuerit,
416 625 520 682 eodem
533 623 637 690 redire,
650 624 728 681 unde
741 625 829 687 venit,
843 642 930 699 qnam
943 625 1082 681 ocissime.
1119 624 1199 683 Nam
1211 625 1302 683 simul
1313 643 1356 683 sc,

212 707 291 761 1230
302 699 437 775 juventas
449 704 529 761 adest
541 703 648 759 stultas
654 704 783 759 levitates
792 701 924 768 afferens,
934 705 997 780 quis
1010 701 1112 780 effugit
1121 703 1297 781 multiplica
1306 704 1351 762 ls-
1373 742 1376 747 -

305 783 410 839 bores?
432 800 496 860 quae
511 799 572 838 non
589 783 705 838 miseria
723 780 822 837 adest?
844 782 944 844 credes,
957 781 1123 848 seditiones,
1135 782 1212 847 lites,
1224 799 1346 860 pugnae,

213 862 290 919 12³5
304 860 471 919 etinvitlis:
493 860 612 918 tandem
634 860 808 935 superuenit.
832 860 940 927 odiosa,
962 860 1070 933 viribus
1091 860 1215 928 defecta,
1231 878 1349 920 morosa

149 990 153 997 .
304 948 448 1006 senectus,
466 939 566 997 amicis
585 938 665 1002 orba,
677 939 728 995 ubi
741 940 840 994 omnia
856 940 932 995 mala
954 939 1098 997 malorum
1115 935 1349 1014 pejorscob‘ebl·

146 1060 149 1064 -
212 1020 291 1075 1240
305 1027 385 1076 tant:
408 1019 440 1075 in
459 1037 515 1094 qun
535 1017 636 1075 infelix
652 1019 708 1083 hic,
723 1035 783 1077 non
801 1035 859 1093 ego
871 1018 958 1083 solus,
973 1018 1095 1075 Boresle
1107 1018 1186 1076 velut
1197 1019 1280 1075 littus
1291 1034 1353 1076 un«

304 1097 391 1173 dique
412 1097 546 1153 fluctibus
564 1097 716 1172 hiemeque
730 1097 877 1172 quatitur,
899 1097 940 1152 sic
959 1103 990 1153 et
1012 1098 1089 1154 hunc
1102 1114 1119 1153 1
1132 1096 1240 1155 vertice
1251 1097 1350 1157 imur·

210 1177 288 1233 1245
303 1187 406 1253 gentes
415 1176 612 1233 calamitatum
622 1176 725 1231 fluctus
734 1171 854 1232 assiduis
862 1177 997 1251 quatiunt
1009 1175 1140 1250 procellis
1148 1198 1156 1246 3
1171 1176 1352 1253 haquidern

303 1273 322 1312 s
341 1255 409 1311 solis
421 1272 533 1320 occasu,
555 1253 610 1309 illae
631 1272 698 1310 vcro
717 1254 754 1310 ab
772 1262 849 1319 ortu,
863 1254 926 1310 alite
948 1272 1038 1330 quum
1055 1253 1099 1311 sol
1116 1254 1213 1312 medio
1225 1272 1265 1312 cx
1275 1254 1350 1313 orbe

302 1350 370 1408 sper
391 1332 530 1398 11111111,
544 1333 607 1388 aliae
621 1333 770 1401 nocturnis
782 1332 997 1406 splendentibus
1010 1335 1102 1390 astris.
1367 1324 1376 1338 '

211 1412 290 1469 1250
343 1411 369 1469 A
400 1411 435 1470 T.
454 1412 544 1487 Atqui
557 1428 656 1467 eccum
670 1411 762 1476 nobis,
774 1421 808 1466 ut
821 1411 944 1475 videtur,
963 1420 1054 1486 pster,
1067 1409 1192 1488 gradtun
1204 1411 1264 1470 huc
1276 1428 1351 1475 cou-

303 1489 361 1549 fert
372 1491 475 1566 hospes
487 1490 536 1546 ille
548 1490 746 1555 incomitatus,
760 1506 811 1546 ora
823 1490 921 1565 rigans
934 1491 1074 1566 lacrymis.

342 1568 436 1626 OED.
457 1569 530 1629 Quis
543 1569 567 1624 is
580 1578 623 1624 cst
634 1569 651 1622 ?-
780 1574 781 1578 ’
1343 1623 1348 1639 ,

340 1647 435 1705 ANT.
453 1648 550 1709 Quem
564 1655 593 1703 et
605 1647 676 1706 olim
689 1645 899 1722 cogitabamus,
910 1647 972 1721 ipse
985 1646 1034 1703 hic
1046 1648 1194 1725 Polynices
1206 1648 1298 1712 adest.

210 1730 286 1787 1255
342 1726 430 1783 POL.
451 1725 511 1782 Hei
533 1725 621 1782 mihi!
645 1724 713 1801 quid
728 1725 832 1782 11111111
843 1727 852 1781 1
875 1742 912 1782 an
933 1744 999 1782 mea
1012 1727 1099 1800 ipsius
1112 1729 1189 1785 male
1204 1728 1285 1805 prius
1297 1726 1352 1786 tle⁴

301 1805 387 1871 flebo,
400 1804 514 1879 puellae,
529 1821 567 1860 an
584 1822 648 1880 quae
668 1800 756 1874 hujus
768 1803 852 1860 rideo
871 1805 960 1879 patris
975 1807 1071 1879 senis?
1093 1824 1179 1884 quem
1191 1802 1351 1885 peregrine
1372 1826 1377 1835 ’

301 1885 334 1941 iu
355 1891 433 1940 terra
445 1883 593 1939 vobiscum
612 1883 710 1939 inveni
729 1881 778 1939 hic
796 1879 933 1955 ejectum,
946 1901 1014 1940 cum
1034 1892 1111 1941 veste
1128 1884 1190 1951 tali,
1202 1881 1289 1957 cujus
1300 1887 1350 1943 iu·

209 1964 288 2021 1260
301 1961 433 2020 amabilis
445 1961 562 2037 squalor
574 1961 658 2018 senili
670 1961 821 2017 adhaerens
830 1962 955 2036 corpori,
968 1962 1100 2020 membru
1110 1964 1170 2021 situ
1188 1962 1328 2023 ubefsctt
1334 1988 1349 2038 ς

302 2049 332 2099 et
345 2042 376 2097 in
388 2041 482 2117 capite
495 2040 585 2097 oculis
598 2039 670 2097 orbo
683 2041 798 2114 impexa
810 2058 894 2098 coma
913 2043 1004 2097 ventis
1021 2041 1210 2100 diffimditure
1231 2043 1262 2102 b·
1336 2082 1349 2113 ,

300 2129 336 2178 ut
347 2119 472 2186 videtur,
482 2119 643 2178 consimilia
655 2118 742 2176 habet
751 2119 848 2176 miseri
860 2120 968 2177 ventris
976 2120 1122 2179 alimenta.
1142 2122 1217 2183 Quae
1227 2060 1348 2200 qum

207 2201 284 2260 126⁵
301 2216 367 2257 sero
379 2200 465 2256 nimis
478 2215 622 2274 cognosco
639 2197 847 2274 perditissimus
862 2214 919 2274 ego
927 2222 937 2271 3
959 2207 989 2257 et
1009 2207 1100 2256 testor
1115 2215 1167 2258 me
1185 2201 1348 2275 pessimm

298 2278 435 2336 omnium
460 2277 518 2335 huc
538 2277 646 2347 venire,
660 2277 720 2354 qui,
741 2294 778 2333 ne
799 2285 829 2334 te
848 2278 940 2335 victus
959 2277 1104 2344 deficeret,
1129 2278 1278 2354 providere
1295 2278 1368 2339 de·'

301 2355 445 2416 buerunt:
468 2357 524 2413 boc
536 2374 573 2414 ex
589 2356 653 2413 aliis
675 2372 712 2413 ue
731 2372 850 2432 questas.
877 2355 948 2418 ‚Sed
960 2356 1040 2413 Jovis
1052 2358 1141 2415 etiam
1155 2356 1260 2416 assidet
1271 2356 1350 2417 solio

301 2432 401 2493 Pudor
413 2435 548 2493 omnibus
570 2434 603 2491 in
620 2435 718 2505 factis;
742 2434 797 2490 tibi
810 2451 935 2512 quoque,
955 2443 1048 2511 pater,
1061 2437 1183 2495 assistat.
1223 2434 1344 2497 Horum

209 2514 286 2578 tsro
301 2515 381 2573 enim
394 2532 458 2591 quae
477 2513 657 2588 peccavimus
669 2512 832 2570 remedium
850 2513 967 2590 quidem
987 2526 1047 2585 est,
1068 2523 1100 2572 et
1116 2533 1152 2572 ea
1169 2514 1347 2593 exprobrare

300 2593 376 2652 nihil
386 2592 510 2667 emplius
522 2593 636 2649 attinet.
675 2591 755 2653 Quid
768 2593 864 2649 taces?
885 2592 1003 2669 loquere
1021 2592 1140 2670 aliquid,
1153 2594 1286 2669 61111115
1308 2612 1347 2655 ue
1369 2612 1378 2621 ’

300 2688 349 2730 mc
366 2671 514 2730 averseris.
554 2669 676 2728 Nihilne
689 2670 761 2728 mihi
774 2670 948 2747 respondes?
968 2671 1019 2729 sed
1032 2680 1234 2748 contemptum
1246 2673 1290 2731 ita
1300 2674 1346 2733 di·

208 2748 284 2809 1275
301 2750 409 2814 mittes,
424 2750 496 2807 nihil
519 2749 700 2815 locutusne
722 2748 865 2807 declarata
889 2749 1007 2827 quidem
1029 2751 1081 2808 irae
1103 2760 1162 2808 tuse
1183 2754 1292 2810 eausa?
1316 2754 1348 2813 0

300 2828 356 2886 viri
374 2824 461 2901 hujus
481 2829 642 2906 progenies,
664 2845 795 2905 meaeque
816 2844 939 2898 sorores,
960 2836 1054 2886 atros
1073 2831 1179 2889 saltem
1197 2830 1347 2893 conamini
1368 2838 1372 2843 '

300 2924 417 2965 movere
428 2907 517 2982 patris
536 2923 684 2964 morosum
701 2924 733 2963 os
752 2912 785 2963 et
804 2906 880 2964 hsud
893 2906 1021 2975 affabile,
1030 2915 1065 2966 ut
1088 2927 1125 2967 ne
1143 2916 1276 2987 spretum
1295 2928 1345 2971 me
1385 2914 1387 2919 '

300 2984 358 3044 Dei
369 2987 528 3061 supplicem
539 2987 581 3043 ita
592 2984 721 3043 dimittat
731 2984 839 3063 ubsque
851 2986 912 3044 ullo
924 3003 1070 3063 responso.
1163 3022 1166 3027 ·
1323 2988 1331 3007 ⁴

207 3060 286 3119 1280
335 3042 516 3132 1111111,
542 3064 561 3122 b
586 3067 682 3130 miser,
708 3065 769 3139 ipse
794 3080 852 3142 qua
874 3066 978 3141 gratia·
993 3066 1114 3123 veneris.
1165 3065 1346 3147 nexumque

300 3146 381 3202 enim
401 3160 497 3201 sermo
516 3144 562 3201 vel
581 3143 805 3208 oblectationem
825 3143 963 3219 aliquam,
976 3143 1023 3200 vel
1035 3143 1224 3203 offensionem
1237 3146 1350 3225 ierem,

299 3222 410 3282 autad
426 3221 655 3281 misericordiam
679 3236 807 3290 movens,
829 3223 876 3279 rel
897 3222 1042 3281 obstinate
1064 3223 1216 3283 silentibus
1242 3242 1352 3297 vocem
1380 3246 1387 3255 ·

300 3304 429 3379 aliquam
442 3303 590 3376 exprimit.
1039 3311 1045 3317 ’
1065 3308 1067 3312 ’
1116 3332 1119 3337 -

207 3375 283 3439 iuss
338 3379 426 3439 POL.
446 3380 529 3456 Ergo
541 3379 679 3456 eloquar3
699 3377 790 3454 probe
802 3379 882 3436 enim
895 3386 929 3437 tu
948 3398 996 3439 me
1008 3397 1193 3460 oomrnonesj
1214 3384 1347 3459 primum
1365 3376 1387 3421 ·'

300 3459 525 3537 quidemipsum
537 3459 616 3515 hunc
628 3456 726 3515 Deum
739 3472 835 3524 orans,
847 3466 880 3514 ut
897 3461 935 3515 sit
946 3457 1074 3532 adjutor,
1086 3457 1171 3532 cujus
1182 3476 1221 3518 est
1233 3480 1286 3520 ssa
1298 3478 1347 3523 me

299 3539 468 3597 huc'venire
480 3536 616 3596 excitarit
627 3532 715 3607 hujus
734 3543 821 3594 terre
839 3554 933 3603 renna
951 3557 1009 3615 quo
1019 3539 1088 3596 dcta
1104 3540 1179 3597 mihi
1195 3542 1283 3599 venis
1301 3540 1359 3601 dl·-

300 3617 441 3694 cendique
462 3627 492 3675 et
513 3615 733 3687 audiendistuto
745 3632 813 3673 cum
833 3626 1014 3674 commeatu:
1036 3619 1155 3695 hsecque
1171 3625 1206 3675 ut
1222 3637 1242 3677 a
1253 3618 1343 3687 vobis.

147 3692 150 3698 ’
209 3698 286 3761 1290
301 3696 437 3770 hospites,
451 3697 526 3753 mihi
541 3696 726 3770 contingant,
747 3700 777 3750 et
798 3692 836 3751 ab
849 3695 929 3752 hisce
947 3696 1103 3764 sororibus,
1126 3703 1281 3776 petreque,-
1291 3698 1355 3761 ins-¹

274 3828 278 3833 .
301 3790 388 3852 pense
399 3776 494 3849 cupio.
534 3769 627 3845 Cujus
640 3770 740 3831 autem
758 3775 855 3850 gratia
866 3775 1005 3840 venerim,
1016 3772 1080 3847 jam
1093 3775 1147 3833 tibi
1158 3776 1226 3833 volo
1238 3776 1354 3845 disere,

301 3867 392 3928 pater.
432 3853 531 3910 Patrio
543 3871 559 3908 e
572 3852 634 3908 solo
645 3853 780 3927 expulsus
793 3869 858 3909 sum
870 3853 903 3910 in
915 3854 1061 3920 exsilium,
1072 3856 1140 3932 qula
1152 3856 1236 3933 regio
1247 3856 1348 3927 1111111·

209 3933 409 3992 1195111111
421 3931 520 3988 sedere
532 3930 615 3988 volui
622 3921 676 4005 pro
688 3948 756 4005 meo
763 3926 842 4003 jure,
855 3940 889 3988 ut
901 3933 949 4008 qui
963 3943 1034 3990 netu
1050 3934 1106 3991 sim
1117 3928 1227 4007 major:
1265 3934 1345 4009 Qus.-

302 4019 421 4086 propter
433 4029 481 4066 me
494 4018 565 4066 natu
578 4011 675 4066 minor
692 4009 823 4067 Eteocles
841 4026 879 4067 ex
891 4010 964 4068 urbe
970 4008 1100 4088 pepulit,
1115 4030 1175 4070 non
1186 4016 1289 4091 utqui
1298 4026 1355 4075 11·-

302 4091 418 4146 tionum
437 4082 594 4145 momentis
614 4104 729 4145 causam
748 4087 858 4156 vicerit,
877 4105 931 4145 nec
944 4092 994 4167 q'ui
1006 4091 1139 4149 se'mauu
1152 4091 1273 4150 saetisve
1284 4104 1344 4153 m·
1378 4094 1387 4167 ἰ

300 4169 405 4225 liorem
418 4185 465 4223 mc
478 4185 539 4222 esse
552 4164 720 4239 ostenderit,
733 4166 784 4223 sed
796 4168 937 4242 persuasis
954 4169 1073 4226 civibus.
1111 4171 1251 4231 Quorum
1263 4170 1350 4249 eqni„
1363 4190 1366 4197 ·
1383 4235 1387 4245 ,

300 4247 368 4303 dem
379 4264 493 4303 causam
502 4246 533 4300 in
540 4243 673 4318 Erinnyn
682 4246 806 4303 maxime
815 4245 944 4310 confero,
956 4255 1071 4305 tuanen
1080 4248 1212 4307 diturum
1221 4244 1362 4309 testem?

209 4332 291 4390 1800·
301 4344 388 4407 quam
402 4325 569 4400 opinionem
590 4321 769 4382 confirmant
787 4324 875 4382 eiiam
890 4335 989 4385 ratum
1001 4342 1145 4404 responsa.
1186 4326 1357 4411 Pitstqiu:
