2776 4882
484 296 621 368 AJAX.

86 473 215 537 TFAEM.
236 472 289 532 Vae
301 471 374 531 mihi
387 471 519 530 miserae!
573 459 582 482 ‘

87 556 158 615 CH.
177 554 225 614 Ad
234 550 320 626 jecur
332 559 476 627 penetrat,
488 561 534 610 sat
547 554 625 621 novi,
638 571 704 613 acer
716 553 807 613 dolor.

89 633 216 693 TEcM.
236 633 288 689 Vm
301 633 374 689 mihi
388 632 500 687 miserae
513 632 519 687 !

90 714 161 771 CH.
180 712 235 770 Nil
246 712 364 775 mirum,
375 718 415 775 te
426 711 542 778 mulier,
555 708 699 784 ejulatum
712 714 827 778 iterare,
837 729 924 790 quam
938 710 991 772 tali
1003 717 1097 775 amico
1114 729 1176 785 940

46 792 166 852 orbavit
178 809 279 849 recens
291 807 383 847 casus.

87 869 213 1007 {fiel}
233 868 280 926 Tu
293 870 355 926 haec
368 867 495 942 opinaris
508 873 643 941 tantum5
666 887 723 947 ego
736 887 804 928 vero
817 871 903 928 nimis
916 874 1019 932 sentio.

27 962 33 967 ·
153 994 160 1007 .
202 955 296 1006 ateor.

83 1027 215 1087 'furem
236 1026 294 1082 Hei
320 1008 409 1083 mihi!
439 1035 515 1090 nate,
539 1026 617 1102 quod
642 1028 787 1084 servitutis
808 1024 917 1104 jugum
942 1029 1096 1089 subimus?
1114 1039 1172 1096 945

47 1108 152 1187 qtmles
165 1106 250 1164 nobis
264 1107 420 1162 imminent
434 1105 516 1162 heri?

90 1184 160 1245 CH·
183 1182 286 1242 Eheu!
315 1184 473 1243 nefandum
498 1201 567 1239 sane
591 1182 702 1241 factum
724 1188 892 1243 memorasti
910 1187 1099 1264 geminorum

42 1256 277 1331 'Amidammin
287 1262 344 1320 hoc
354 1262 435 1319 luctu
447 1262 734 1332 immisericordium
755 1264 807 1321 sed
820 1266 973 1340 prohibeat
985 1265 1083 1324 Deus!

89 1340 216 1401 TECM.
236 1341 284 1399 Ne
296 1338 360 1398 haec
373 1340 490 1418 quidem
503 1340 544 1396 sic
556 1358 587 1396 se
601 1341 752 1409 haberent,
765 1343 872 1422 absque
885 1345 956 1402 Deis
967 1346 1053 1404 foret.
1114 1354 1175 1410 950

90 1420 159 1481 CH.
180 1423 220 1479 At
231 1437 301 1478 sane
314 1437 388 1481 onus
402 1420 488 1476 nimis
499 1436 587 1494 grove
600 1421 821 1479 concinnarunt.

35 1556 38 1561 .
91 1500 218 1559 Tuon.
238 1496 349 1575 Utique
368 1515 475 1556 noxam
495 1499 570 1555 hanc
590 1498 756 1557 machinata
775 1510 818 1558 est
837 1519 911 1559 saeva
923 1502 1002 1560 Joris
1018 1512 1098 1572 nata,

52 1576 160 1645 Pallas,
175 1578 282 1654 Ulyssis
294 1577 397 1654 grstia:
1045 1594 1047 1599 ’
1275 1634 1279 1642 .

93 1656 161 1717 CH.
186 1657 337 1715 Nimirum
362 1655 462 1712 dolosa
483 1663 582 1712 mente
605 1656 687 1713 nobis
709 1658 806 1715 illudit
826 1657 960 1717 laborum
985 1648 1099 1736 patiens
1115 1669 1173 1726 955

55 1735 182 1815 Ulyssem
196 1743 226 1793 et
246 1735 345 1793 multis
364 1735 512 1791 cachinnis
529 1735 605 1791 ridet
618 1736 731 1792 dolores
745 1737 807 1803 hos,
821 1756 892 1814 quos
906 1744 1017 1815 peperit
1030 1738 1098 1814 Aja-

55 1815 201 1952 cAisffiiqraeor,
213 1816 282 1882 heu,
295 1813 372 1873 heu!
394 1814 548 1892 simulque,
561 1814 617 1870 ista
630 1832 721 1892 quum
739 1804 871 1883 audiunt,
883 1820 995 1894 gemini
1015 1834 1103 1899 reges
1115 1827 1176 1883 960

94 1971 216 2031 TECM.
232 1968 363 2028 Rideant
373 1970 417 2026 illi
429 1987 498 2027 sane
511 1979 540 2026 et
553 1971 701 2048 gaudeant
714 1969 802 2044 hujus
815 1975 869 2031 viri
882 1976 974 2034 malis.
1010 1976 1099 2034 Forte

62 2052 115 2109 etsi
126 2053 221 2109 vivum
234 2049 434 2107 desiderarunt
447 2051 554 2116 minus,
568 2060 719 2107 mortuum
739 2052 884 2126 lugebunt
903 2055 935 2111 in
955 2054 1023 2112 belli
1041 2056 1100 2113 dis·

61 2131 188 2209 minine.
228 2128 307 2186 Nam
331 2128 413 2184 stulti
435 2128 545 2184 bonum
571 2137 705 2186 tenentes
729 2131 873 2198 inanibus,
894 2151 954 2189 non
979 2142 1048 2191 ante
1070 2134 1100 2192 id
1117 2141 1175 2198 965

63 2208 300 2274 animadvertunt,
326 2224 413 2283 quam
439 2208 597 2273 amiserint.
637 2208 714 2265 Mihi
739 2210 858 2266 acerbus
883 2213 970 2286 periit
995 2214 1099 2291 magis,

66 2294 145 2364 quem
162 2288 220 2346 illis
236 2284 393 2359 jucundus,
413 2285 468 2360 ipsi
489 2302 557 2342 vero
578 2286 634 2344 sibi
658 2287 777 2344 lubens:
800 2307 865 2364 qum
887 2292 966 2348 enim
989 2293 1102 2367 optavit

68 2368 183 2445 sesqui,
200 2366 322 2441 adeptus
341 2371 384 2435 est
403 2364 476 2432 sibi;
498 2374 624 2422 mortem
644 2383 750 2441 nempe
763 2384 849 2443 quam
869 2370 970 2426 voluit.
1008 2370 1098 2437 Quid,

69 2459 168 2522 queso,
181 2445 288 2503 hebent
303 2444 342 2510 hi,
357 2443 434 2520 quod
447 2443 531 2501 illum
546 2445 707 2502 irrideant?
728 2445 793 2503 Diis
805 2447 910 2504 occidit
921 2439 1096 2507 volentibus:
1115 2439 1176 2518 9¹70

67 2539 102 2581 m
117 2526 161 2583 lris
179 2520 367 2583 auctoribus?
390 2523 571 2598 neutiquam.
611 2523 738 2581 Proinde
760 2522 873 2599 Ulysses
893 2527 993 2584 inanes
1010 2522 1101 2599 jaciat

68 2604 256 2679 mutumeliae
295 2600 357 2658 Illis
373 2602 453 2658 enim
466 2618 526 2658 non
539 2602 663 2678 amplius
675 2609 718 2659 est
731 2599 806 2674 Aiax
813 2627 824 2675 3
845 2605 895 2662 sed
909 2606 982 2664 mihi
994 2607 1101 2665 relictis

69 2679 261 2759 doloribusque
272 2687 304 2736 et
316 2679 451 2744 luctibus,
465 2681 560 2753 periit.

10 2811 14 2828 ‚
99 2759 213 2819 TBUC.
235 2760 288 2816 Vre
301 2761 407 2816 misero
420 2759 509 2815 mihi!

9 2836 14 2848 '
99 2838 161 2899 (ΣΗ.
180 2838 268 2897 Tace.
289 2836 398 2895 Vocem
410 2835 518 2895 Teucri
531 2839 603 2894 mihi
616 2839 716 2896 videor
733 2840 846 2908 audire,
866 2841 979 2902 edentis
993 2844 1101 2902 cmmo-
1117 2846 1182 2910 97⁵·

70 2919 203 2977 remhuic
215 2917 376 2977 calamitati
387 2932 557 2974 consonum.
1016 2918 1028 2948 ⁸

11 2987 19 3011 '
96 2996 214 3057 TEUC.
235 2996 263 3053 0
275 2997 421 3053 carissime
441 2992 525 3068 Ajar,
547 2996 566 3053 d
578 2994 662 3053 dulce
678 2998 842 3067 fraternum
854 3007 952 3075 caput,
965 3000 1055 3071 itone,
1067 3008 1104 3063 ut

9 3125 25 3158 ,,
68 3072 216 3149 nonsart,
230 3084 328 3133 tecum
340 3083 438 3131 actum
451 3075 513 3130 est?

100 3156 164 3217 CH.
183 3154 276 3214 Periit
288 3155 331 3211 vir
342 3154 407 3222 ille3
429 3151 550 3218 Teucer,
565 3152 621 3208 hoc
632 3160 713 3210 certo
725 3156 807 3212 scito.
1065 3174 1069 3181 ·

9 3311 12 3318 .
97 3233 216 3297 TEUC.
239 3233 300 3291 Hei
311 3231 400 3289 mihil
423 3232 573 3307 ograrem
585 3233 678 3308 igitur
690 3250 787 3292 msam
799 3234 969 3294 fortunam!
1119 3237 1179 3297 980

98 3313 161 3373 CH.
186 3312 262 3371 Hosc
273 3329 365 3389 quum
378 3313 419 3367 its
430 3312 530 3367 sint-

97 3392 214 3453 Tune.
235 3391 263 3448 Ο
276 3386 363 3459 miser
375 3406 441 3467 ego,
455 3398 502 3446 ter
514 3387 618 3448 miser!

99 3472 166 3531 cn.
185 3469 325 3548 lugendi
337 3469 419 3528 adest
430 3469 522 3544 copia.

8 3600 29 3631 ἓ,
96 3550 216 3610 TEUC.
235 3551 264 3607 0
275 3566 394 3626 gravem
407 3564 595 3623 asperumque
607 3547 818 3607 calamitatem!

24 3630 28 3638 ’
98 3629 164 3688 cH.
185 3628 320 3706 Nimium
334 3626 463 3705 quidem,
475 3625 598 3685 Teucer.
1143 3636 1147 3643 ·

22 3748 25 3755 ι
98 3708 217 3769 Tunc.
240 3706 311 3765 Heu
323 3705 430 3764 miser!
452 3705 531 3767 Quid
543 3706 620 3763 iilius
632 3711 732 3763 autem
745 3700 852 3779 hujus?
867 3704 1005 3767 Quonam
1018 3706 1105 3768 Troi-

66 3795 201 3847 reterre
216 3794 345 3844 versatur
356 3787 388 3842 in
399 3785 484 3842 loco?
865 3822 868 3827 -
1173 3810 1176 3815 -

8 3884 17 3945 ᾖ
100 3865 167 3925 CH.
186 3864 274 3942 Apud
286 3865 412 3922 tentoria
423 3865 509 3922 solus.
617 3925 621 3931 ,
929 3857 932 3866 '
1121 3869 1181 3926 985

8 3952 10 4000 L
97 3944 218 4003 Tunc.
239 3943 311 4024 N.⁰¹¹
322 3961 391 4001 eum
403 3942 556 4000 confestim
568 3941 626 3999 huc
635 3940 771 4008 adduces,
785 3959 823 4000 ne
835 3943 897 4021 quis
907 3943 1105 4011 inimicorum,

62 4028 200 4103 tanmrn
214 4022 294 4081 orbe
305 4023 435 4080 catulum
447 4022 558 4087 leaenae,
568 4039 637 4078 eum
644 4019 784 4097 abripiat?
799 4039 855 4099 age
865 4023 980 4090 festina,
991 4020 1038 4097 adj
1042 4043 1106 4081 uva.

57 4103 177 4180 ssuippe
186 4098 351 4175 jacentibus
363 4101 459 4158 solent
471 4118 573 4158 omnes
585 4102 708 4158 mortuis
720 4099 851 4159 illudere.

99 4182 168 4241 CH.
180 4182 222 4239 Et
231 4181 350 4258 quidem
361 4197 453 4257 quum
464 4180 571 4237 vireret
580 4179 638 4246 ille,
648 4186 683 4235 ut
692 4178 746 4236 tibi
753 4196 830 4237 curae
843 4188 919 4239 esset
928 4180 1014 4248 lilius,
1023 4198 1106 4239 man·
1122 4186 1184 4242 990

54 4260 158 4336 dohet,
173 4258 422 4338 quemadmodum
433 4267 464 4315 et
475 4277 553 4316 curre
566 4268 619 4315 est.

8 4362 10 4369 ·
96 4339 219 4417 ΤΕΠΒ.
236 4339 413 4411 Domitium
425 4356 491 4417 que
502 4355 633 4418 uuquam
646 4336 737 4396 oeulis
746 4335 877 4407 viderim,
888 4336 1108 4411 acerbissimum
