2776 4882
311 301 377 361 254
720 290 943 371 ELECTRA.

231 472 292 534 755
311 472 381 525 tem.
420 465 536 525 Interea
559 465 677 523 Orestes
699 476 862 543 postremus
885 465 1018 524 omnium
1039 459 1145 524 ultimo
1166 464 1233 523 loco
1257 461 1352 544 equos

309 543 423 621 agebat,
437 545 468 602 in
481 544 539 602 tine
552 554 662 602 certam
680 562 761 620 spem
779 546 905 605 victorias
918 561 1045 619 ponens:
1068 545 1116 621 qui
1129 544 1215 603 simul
1228 562 1264 602 ac
1275 545 1352 603 vidit

308 624 516 684 Atheniensem
534 624 617 681 illum
636 623 731 681 solum
751 626 894 690 relictum,
907 612 1049 680 velomam
1067 639 1209 699 equorum
1227 620 1349 682 auribus

308 703 452 760 incutiens
472 708 589 759 acutum
612 701 719 778 flagelli
741 721 856 770 sonum,
878 701 1056 779 insequiturs
1077 709 1107 757 et
1128 701 1247 778 aquatis
1263 697 1349 779 jugis

232 784 292 844 740
308 780 394 839 ambo
406 781 584 846 ferebantur,
595 781 683 838 modo
692 782 749 848 hic,
760 781 903 839 modoille
912 797 1054 857 equorum
1062 780 1203 855 capitibus
1211 788 1349 839 antever-

308 868 374 921 tens
386 860 505 916 alterius
518 858 704 936 quadrigam·
735 861 776 917 Iit
787 861 914 937 reliquos
927 859 1044 936 quidem
1057 875 1157 915 omues
1169 876 1270 917 cursus
1279 864 1347 918 tuto

307 946 445 1015 exegerat
452 939 553 997 infelix
563 938 680 995 Orestes
689 945 768 996 stans
777 948 857 997 recto
865 939 896 995 in
906 955 1010 994 curru:
1021 936 1126 994 deinde
1134 938 1287 996 remittens
1294 938 1349 997 ha-

308 1017 395 1074 benas
407 1018 547 1075 flectentis
560 1016 757 1075 sinistrorsum
770 1019 847 1094 equi,
860 1016 1029 1092 imprudens
1041 1017 1073 1071 in
1085 1023 1192 1073 metam
1204 1017 1347 1077 extimam

231 1100 289 1161 745
307 1096 455 1173 impingit,
467 1097 617 1173 fractoque
637 1104 709 1154 rotae
729 1097 866 1162 modiolo,
886 1112 1002 1152 ecurru
1016 1094 1146 1160 volvitur,
1165 1095 1349 1170 implicatur·

326 1193 363 1231 ue
376 1175 462 1232 loris:
484 1176 536 1232 illo
548 1183 647 1233 autem
659 1176 691 1232 in
704 1186 812 1233 terram
825 1176 968 1251 prolapso,
981 1173 1109 1248 dissipati
1120 1179 1190 1230 sunt
1202 1174 1271 1251 equi
1283 1192 1348 1232 me·

231 1253 291 1316 750
307 1194 387 1310 dium
399 1271 452 1329 per
463 1253 598 1311 stadium.
638 1253 737 1311 Coetus
749 1262 783 1311 ut
794 1255 866 1311 vidit
877 1254 960 1311 illum
973 1270 1125 1310 exclusum
1136 1268 1233 1314 curru,
1246 1252 1351 1328 deplo-

228 1342 235 1351 '
306 1333 379 1389 ravit
391 1333 475 1390 claris
486 1333 621 1390 lamentis
633 1333 821 1391 adolescentis
834 1333 935 1396 vicem,
949 1331 1052 1408 quibus
1070 1330 1156 1387 rebus
1167 1329 1267 1406 gestis,
1281 1350 1349 1409 quie

234 1448 239 1457 .
306 1411 460 1470 sortiretur
476 1412 563 1478 mala,
582 1419 712 1486 raptatus
730 1411 819 1469 modo
838 1429 888 1486 per
900 1412 1005 1473 solum,
1019 1407 1107 1466 modo
1125 1409 1232 1467 coslum
1244 1426 1348 1469 versus
1372 1428 1375 1433 ·

306 1491 587 1567 crura'protendens,
597 1489 689 1560 donec
698 1491 793 1566 ipsum
805 1492 924 1566 aurigis,
933 1490 981 1544 vix
991 1486 1108 1544 tandem
1118 1486 1247 1545 cohibito
1254 1506 1349 1567 equo-

225 1571 288 1631 755
305 1586 375 1629 nrm
386 1587 481 1635 cursu,
494 1570 640 1625 solverunt
658 1585 761 1625 aurore
782 1569 922 1627 ioedatum
937 1567 1020 1630 adeo,
1033 1568 1193 1624 amicorum
1206 1572 1239 1623 ut
1252 1570 1347 1627 nemo

224 1705 227 1709 ,
306 1648 468 1709 miserabile
490 1647 589 1704 ridens
607 1663 710 1723 corpus
729 1666 858 1725 uuquam
880 1653 1057 1723 agnosceret.
1096 1644 1136 1701 Et
1156 1646 1251 1720 ipsum
1270 1664 1349 1725 rogo

304 1726 474 1803 impositum
487 1736 653 1783 mentuunt
666 1726 752 1789 illico,
766 1744 909 1803 parvaque
922 1728 954 1782 in
963 1741 1038 1780 urna
1053 1725 1202 1800 permagni
1213 1728 1349 1801 corporis

229 1807 290 1868 760
305 1804 497 1863 miserabilem
507 1805 634 1865 cinerem
645 1804 806 1862 Phocenses
815 1805 918 1863 delecti
930 1803 983 1859 viri
995 1804 1051 1858 huc
1063 1801 1197 1867 afferunt,
1207 1810 1244 1859 ut
1250 1808 1350 1879 patria

305 1883 337 1939 in
350 1893 428 1941 terra
439 1884 609 1940 tumuletur.
648 1882 791 1941 istasunt
803 1882 997 1960 quaedicenda
1009 1881 1106 1951 habui,
1120 1881 1215 1939 relatu
1227 1884 1350 1958 quidem

305 1963 408 2029 tristia,
421 1962 615 2038 spectantibus
628 1979 705 2029 vero,
719 1969 862 2040 quotquot
880 1960 1080 2036 spectavimus,
1100 1960 1269 2036 gravissima
1280 1979 1350 2023 om.

304 2040 388 2099 nium
400 2060 466 2119 quae
480 2039 678 2118 unquamvidi
690 2042 776 2099 mala.
1348 2078 1351 2083 -

142 2144 145 2151 ¹
228 2118 287 2179 765
344 2119 410 2177 CH.
432 2119 501 2178 Heu
518 2118 590 2178 heu!
613 2125 708 2177 totum
731 2137 803 2197 ergo
820 2120 980 2196 priscorum
997 2118 1183 2176 dominorum
1195 2117 1351 2190 radicitus,

253 2207 256 2213 '
304 2205 338 2256 ut
350 2199 473 2265 videtur,
487 2198 599 2256 interiit
610 2216 712 2274 genus.
791 2228 796 2235 ,
960 2208 971 2217 ·

344 2276 458 2335 CLYT.
478 2279 506 2333 0
526 2277 660 2353 Jupiter!
687 2276 737 2355 qui
755 2277 811 2336 ista
833 2278 990 2352 accipiam?
1022 2277 1152 2335 feliciane
1177 2277 1284 2343 dicam,
1306 2296 1351 2337 an

290 2358 412 2433 *atrocia
425 2356 552 2435 quidem,
565 2357 678 2414 lucrosa
690 2357 808 2414 tamen?
830 2358 912 2415 triste
932 2374 999 2413 vero
1016 2366 1068 2424 est,
1082 2355 1160 2434 quod
1173 2357 1261 2413 vitam
1274 2374 1350 2415 cou-

301 2453 384 2493 servo
398 2437 468 2513 meis
481 2436 569 2511 ipsius
583 2435 675 2493 malis.
1212 2482 1215 2486 .
1311 2485 1315 2491 .
1356 2496 1365 2511 ⁶

340 2515 444 2573 PAED.
464 2515 542 2575 Quid
556 2510 606 2580 ita,
622 2516 737 2581 mulier,
751 2514 851 2573 arrdito
865 2516 920 2574 hoc
932 2533 1008 2582 casu,
1022 2515 1137 2592 angeris
1150 2517 1270 2574 animo?

225 2592 287 2655 770
340 2593 455 2651 CLYT.
476 2593 623 2667 Peperisse
635 2612 771 2669 ntngnam
782 2596 839 2651 vim
851 2595 953 2651 habet:
976 2602 1070 2652 mater
1077 2596 1156 2652 enirn
1167 2612 1204 2653 ne
1225 2595 1352 2673 quidem

236 2716 239 2723 .
299 2668 410 2745 injuria
421 2671 524 2731 affecta
535 2673 647 2747 prolem
661 2691 743 2730 suam
758 2672 850 2729 odisse
863 2680 968 2749 potest.

339 2740 443 2808 PAED.
464 2751 584 2808 Frustra
596 2752 697 2827 igitur,
711 2761 745 2808 ut
757 2751 881 2817 ridetur,
895 2753 951 2809 huc
965 2754 1106 2810 venimus.

340 2829 455 2887 CLYT.
477 2829 602 2887 Minime
615 2830 731 2905 quidem
744 2830 866 2888 frustrez
889 2832 1035 2908 quomodo
1047 2834 1126 2889 enim
1138 2831 1250 2889 frustra
1261 2831 1350 2890 dixe·

225 2905 245 2966 7
246 2906 284 2967 15
299 2909 360 2966 ris?
378 2908 521 2986 siquidem
533 2907 600 2965 ades
612 2918 693 2967 certa
704 2909 777 2966 mihi
789 2908 910 2967 afferens
923 2910 960 2967 de
970 2910 1046 2966 illius
1059 2917 1154 2969 morte
1167 2910 1349 2989 indicia,·qui

299 3005 336 3047 ex
348 3006 396 3044 me
409 2997 579 3063 prognatus,
600 2987 637 3043 ab
650 2988 785 3045 uberibus
804 2989 876 3045 meis
892 2998 923 3045 et
940 2989 1110 3047 educatione
1123 3006 1188 3046 mea
1199 3006 1232 3045 se
1243 3006 1347 3065 segne-

298 3083 382 3142 gons,
395 3068 476 3124 exsul
490 3068 675 3143 peregrinam
688 3069 777 3125 vitam
790 3067 867 3143 egit:
890 3086 985 3144 neque
997 3086 1056 3134 me,
1069 3076 1223 3145 postquam
1236 3086 1275 3125 ex
1287 3069 1346 3126 hac

299 3156 377 3205 terra
389 3146 469 3211 abiit,
483 3163 614 3221 unquam
628 3146 717 3204 vidit:
738 3163 931 3222 accusansque
945 3164 992 3203 me
1009 3155 1138 3221 paternae
1154 3146 1251 3213 cadis,
1264 3154 1348 3205 stro·

223 3221 284 3282 780
299 3224 343 3282 cia
354 3224 558 3282 interminatus
575 3232 629 3290 est,
642 3224 683 3281 ita
701 3233 734 3282 ut
747 3243 801 3282 nec
814 3234 902 3282 noctu
923 3243 977 3282 nec
996 3226 1123 3284 interdiu
1136 3225 1253 3283 dulcem
1266 3242 1349 3283 som·

299 3320 371 3360 num
384 3304 509 3379 ceperim
522 3324 528 3357 :
550 3303 600 3361 sed
614 3304 729 3366 nullum
744 3313 857 3380 tempus
870 3322 985 3378 sperare
998 3301 1143 3379 poteram,
1152 3303 1231 3379 quod
1244 3304 1346 3361 immi·

299 3385 396 3440 nentis
409 3382 485 3440 necis
499 3391 578 3438 metu
592 3399 715 3439 rastrum
729 3390 811 3438 esset.
840 3382 929 3440 Nunc
941 3400 1019 3448 vero,
1035 3384 1102 3456 (hac
1114 3384 1195 3440 enim
1205 3380 1345 3440 die'tine-

297 3478 348 3518 ror
360 3461 498 3537 periculo,
513 3458 586 3517 nihil
598 3467 632 3517 ut
644 3461 762 3518 timeam
782 3462 903 3535 posthac
915 3461 954 3518 ab
974 3462 1030 3518 ista
1046 3461 1170 3539 illoque:
1191 3462 1250 3518 ista
1260 3462 1344 3520 euim

222 3535 280 3595 781)
297 3541 427 3597 acerbior
448 3546 511 3597 erat
533 3539 631 3615 pestis,
657 3556 716 3596 una
739 3557 853 3598 mecum
876 3540 1021 3605 habitans,
1042 3557 1141 3598 meum
1166 3540 1344 3599 exhauriens

296 3636 411 3694 semper
432 3621 538 3677 animae
560 3636 674 3677 merum
691 3620 895 3695 sanguinem),
915 3637 994 3677 nuuc
1014 3618 1211 3697 tranquillam,
1236 3618 1344 3677 saltem

297 3698 374 3774 quod
388 3697 424 3754 ad
437 3699 518 3755 istius
531 3699 635 3755 attinet
650 3699 752 3764 minas,
765 3699 854 3755 vitam
867 3699 1069 3774 transigemus.

335 3775 399 3834 ΕΒ.
420 3775 480 3833 Hei
490 3777 560 3834 mihi
568 3776 697 3834 misane!
710 3793 792 3838 ,nuuc
801 3778 880 3835 euim
887 3777 978 3844 adest,
988 3794 1040 3834 cur
1052 3775 1211 3851 deplorem,
1221 3776 1342 3844 Oresta,

221 3851 285 3913 790.
297 3860 378 3913 tuam
392 3856 494 3917 vicem,
508 3856 624 3930 quando
636 3857 668 3912 iu
680 3858 807 3913 cinerem
820 3855 961 3922 redactus,
974 3855 1158 3913 contumeliis
1170 3858 1292 3930 insuper
1303 3856 1343 3913 ab

296 3935 350 3991 hac
364 3942 457 3990 matre
469 3934 599 3990 afficeris.
638 3933 721 3992 Num
733 3936 774 3991 sic
786 3935 860 3992 bene
872 3936 990 4011 agitur?
1101 3998 1104 4007 ¹

336 4010 450 4069 CLYT.
472 4012 560 4069 Haud
572 4029 641 4069 sane
649 4023 765 4084 tecum3
786 4012 837 4071 sed
848 4031 917 4071 cum
930 4014 992 4081 illo,
1002 4021 1036 4070 ut
1047 4012 1144 4079 habet,
1153 4011 1230 4070 bene
1239 4021 1342 4071 actum

295 4098 349 4150 est.
456 4144 458 4149 ,
500 4118 506 4129 ’
713 4122 717 4127 -

334 4170 399 4229 EL.
417 4169 496 4229 Audi
509 4170 601 4227 ultrix
613 4169 748 4229 Nemesis
760 4171 837 4228 illius
850 4172 899 4248 qui
913 4173 1001 4231 modo
1013 4171 1134 4235 interiit.

334 4249 450 4308 CLYT.
463 4249 565 4305 Audiit
578 4266 651 4326 quos
661 4252 802 4324 oportuit,
812 4268 972 4330 sonumque
982 4258 1121 4325 sotaratq
1129 4248 1197 4320 ¹fecit
1207 4248 1341 4325 pulchre.

333 4328 397 4387 ΕΒ.
417 4327 529 4389 insulta
537 4352 546 4401 3
568 4345 648 4388 nuno
660 4330 740 4389 eninr
753 4330 822 4389 telis
833 4348 874 4389 es.
1209 4326 1232 4349 '²
1259 4372 1262 4377 -
