2776 4882
461 265 689 365 caucana.
1031 278 1096 341 245

95 440 159 504 ΕΒ.
179 444 337 502 Geaenteae
354 441 453 519 stirpis
468 442 591 508 soboles,
604 443 709 501 venitis
724 441 836 501 labores
848 459 930 501 meos
940 442 1095 505 lenitura:
1117 450 1175 503 130

57 522 137 661 m
143 522 261 661 qqigem
272 520 538 659 (qqsintelligoista,
559 540 614 579 aec
624 540 739 659 tqeonun
757 522 914 659 quidquam
936 524 1099 661 mesfqrgitoe

217 618 256 659 ca
325 618 567 659 mammiseram
669 618 871 659 mmeumu
910 618 950 660 rc.
1047 644 1057 671 ,

56 679 265 739 benevolentiae
277 680 466 757 1111181111
480 697 544 757 quae
563 620 721 755 τέεηᾱὶὼ
739 618 975 757 111111ωὲ1111
987 698 1036 745 me
1047 680 1098 741 de·
1118 686 1175 741 135

53 770 185 837 speratae
196 778 262 835 spec
274 776 353 817 meas
364 760 405 816 sic
417 758 576 836 deplorare,
589 760 675 825 eheu,
688 760 773 821 eheu,
787 758 915 819 obsecro.
934 772 946 791 ⁸
1084 824 1087 829 ¹

94 838 165 897 cll.
183 836 223 897 tn
235 844 336 897 tameo
347 854 401 895 aec
413 837 548 895 harentia
562 854 614 895 nec
627 838 759 913 precibus
772 844 885 913 panem
898 844 983 897 tuum
992 838 1102 898 excita-

54 914 101 975 bia
114 934 153 977 ex
163 918 235 975 Orci
251 917 400 975 commtmi
411 916 536 992 pdude:
556 916 608 985 sed
620 919 715 974 luctus
727 915 868 975 excedens
880 917 1011 987 modum,
1026 936 1100 977 111-
1118 922 1177 979 140

54 997 120 1055 1111
130 995 265 1055 concedis
276 994 463 1058 ineluctabili,
470 1012 641 1072 semperque
651 996 803 1072 gemensis
813 1003 843 1052 te
854 994 1009 1071 perditum.
1027 996 1100 1065 Cur,

158 1082 290 1142 ,mrtem
307 1075 389 1151 cupis
403 1080 466 1131 tam
487 1074 710 1142 intolerabilem,
724 1075 756 1132 in
768 1092 826 1152 qua
838 1082 938 1133 tamen
955 1076 1101 1135 malorum

55 1161 179 1213 tamum
191 1154 275 1213 nulla
286 1162 332 1211 eet
342 1153 472 1212 solutio?

72 1261 78 1271 ·
94 1232 162 1291 EL.
181 1232 252 1290 Non
264 1232 371 1291 mentis
382 1238 427 1289 eat
438 1248 526 1298 sana,
540 1232 590 1325 qui
608 1230 766 1290 miserabili
776 1238 872 1289 morte
890 1230 1101 1291 exstinctorum
1119 1237 1177 1293 145

151 1317 216 1369 tum
228 1310 415 1369 obliviscitur.
437 1310 493 1369 Sed
507 1327 607 1369 animo
617 1328 685 1369 meo
696 1311 869 1386 complacita
880 1322 924 1377 est
935 1313 1101 1388 avisgeme-

57 1388 170 1458 buada,
183 1390 263 1447 lovis
275 1390 390 1455 nuntia,
402 1406 467 1466 quse
485 1389 563 1466 Ityn,
582 1406 696 1465 semper
708 1389 775 1465 Ityn
793 1389 886 1465 luget.
924 1389 952 1446 0
965 1389 1100 1449 omuibus
1120 1395 1177 1449 100

56 1468 154 1563 modis
167 1469 329 1527 miserrima
340 1467 446 1535 Niobe,
461 1476 501 1535 te,
513 1477 545 1525 te
555 1466 691 1547 equidem
704 1484 759 1545 pro
771 1467 837 1526 Dea
848 1469 923 1535 tolo,
937 1484 1001 1547 quse
1012 1484 1101 1527 saxeo

56 1548 560 1704 Ψῗιῗιῗιῖιῗῖρὲἷῑέῗᾟιῗῗῗ111
571 1626 739 1684 monalium
757 1625 811 1683 sou
825 1625 929 1683 aaran
940 1625 1099 1692 mamam,

57 1722 149 1784 quam
160 1720 222 1763 uon
233 1721 320 1783 aequo
331 1706 436 1763 toleras
447 1706 557 1771 auimo,
570 1714 604 1761 ut
617 1705 658 1761 illi
669 1706 749 1761 intus
761 1705 805 1761 tui
813 1704 1023 1781 consanguinei
1031 1711 1101 1763 ortu
1119 1708 1175 1765 155

56 1782 164 1841 eodem
176 1784 322 1861 prognati,
335 1801 390 1841 nec
401 1784 443 1841 ita
456 1790 485 1841 te
501 1783 589 1861 geris,
602 1789 637 1840 ut
651 1784 866 1859 Chrysothemis
878 1793 909 1841 et
921 1782 1100 1860 lphbnassa,

57 1862 174 1920 occidte
194 1880 232 1921 ue
244 1862 294 1920 ille
302 1858 490 1933 juvenuttem
506 1879 596 1938 agens
608 1868 639 1918 et
655 1863 756 1919 dolens
776 1863 874 1929 simul,
887 1878 974 1939 quem
986 1860 1100 1919 felicem
1120 1868 1178 1922 160

50 1882 216 2017 aliquando
224 1941 340 2017 inclytae
352 1942 483 2017 Mycena
494 1941 640 2016 excipient
652 1948 775 2016 paterno
782 1940 895 1999 clarum
904 1958 1024 2019 genere,
1033 1958 1101 2019 pro·

54 2020 133 2099 pitio
142 2020 222 2077 Jovis
234 2019 327 2078 dueta
339 2020 371 2077 in
382 2021 458 2078 hanc
467 2020 569 2077 urbem
583 2036 729 2077 reversum
741 2020 875 2079 Oresten.

97 2098 164 2171 BL.
183 2100 279 2160 Quem
292 2115 350 2175 ego
359 2099 466 2156 scilicet
479 2099 676 2155 indesinenter
684 2106 861 2173 exspectans,
872 2099 936 2156 sine
947 2098 1045 2157 liboris
1055 2099 1101 2156 in·
1121 2102 1180 2172 ¹⁶⁵.

57 2176 142 2245 ntia,
155 2177 290 2253 innupta,
299 2178 444 2253 perpetim
456 2177 622 2243 obambulo,
634 2177 766 2253 lacrymis
776 2177 905 2245 madeus,
918 2178 1104 2237 inettbcuetas

54 2272 205 2315 1111111111
217 2256 330 2313 ferenm
352 2257 400 2314 ille
414 2274 482 2313 vero
494 2256 671 2313 obliuiscitur
689 2256 856 2334 acceptique
867 2274 885 2315 a
897 2274 945 2313 me
957 2255 1101 2322 beneficii,

56 2334 326 2412 mandatorumque
337 2352 401 2412 qum
414 2335 440 2391 ci
455 2335 529 2392 misi.
567 2334 646 2395 Quid
656 2334 736 2390 enim
749 2351 809 2393 non
820 2336 893 2391 mibi
903 2336 982 2391 venit
993 2334 1101 2393 iulaide
1123 2334 1182 2399 170

55 2430 96 2471 eo
115 2412 232 2471 nuntii?
254 2412 389 2490 Namque
409 2430 525 2489 semper
546 2412 666 2489 quidem
686 2414 785 2489 cupit:
806 2414 927 2489 cupiens
947 2430 1017 2471 vero
1039 2430 1101 2471 non

55 2493 202 2570 dignatur
212 2508 342 2569 unquam
354 2492 461 2550 venire.
731 2509 735 2516 ’
1012 2510 1016 2515 ·

97 2568 166 2629 CH.
186 2570 309 2628 Conilde
318 2571 401 2636 mibi,
414 2571 537 2633 confide,
551 2571 627 2629 silias
649 2580 692 2628 est
705 2573 875 2648 magoncia
887 2571 960 2629 ooelo
971 2570 1102 2647 Jupiter,

56 2650 111 2729 qui
133 2649 250 2724 inspicit
271 2658 302 2707 et
317 2650 487 2707 moderatur
509 2651 624 2709 omnia:
645 2650 694 2708 cui
716 2650 894 2708 acerbiorem
915 2651 1102 2709 committens
1122 2654 1180 2718 17⁵

54 2728 528 2883 &tantillitati
540 2746 717 2865 ἥξω
726 2736 1103 2886 11111111ηέἓὲῗὲ
1123 2811 1181 2867 180

52 2886 121 2943 cuis
146 2884 344 2943 abundantem
368 2886 507 2943 Crisaeam
528 2886 642 2944 habitat
666 2881 748 2944 oram
774 2886 853 2945 filius
874 2888 1104 2963 Agamemnonis

54 2976 213 3059 nunquam
225 2964 354 3021 reflectet
361 2965 476 3042 pedem,
487 2982 581 3043 neque
593 2965 673 3023 Deus
686 2966 747 3042 ipse
758 2967 809 3045 qui
818 2966 898 3042 apud
906 2966 1105 3027 Acheruntem

55 3051 239 3181 smffiqed
251 3122 325 3180 mibi
331 3119 395 3197 jam
403 3140 511 3201 magna
522 3128 637 3199 peracta
649 3140 716 3198 pars
725 3124 791 3181 vitae
803 3138 867 3199 spes
876 3124 973 3183 irritas
982 3123 1103 3191 iocanti,
1124 3090 1180 3185 l85

52 3216 155 3279 neque
164 3202 289 3277 amplius
295 3202 451 3259 obfirmare
461 3219 546 3279 queo,
557 3220 623 3278 quse
632 3202 799 3279 parentibus
810 3202 913 3263 orbata
920 3202 1103 3266 contabesco.
1171 3214 1174 3253 ἰ

46 3292 151 3357 quam
161 3280 261 3339 nullm
268 3280 378 3339 amicus
391 3286 491 3339 tuetur
497 3304 507 3353 3
522 3281 572 3338 scd
581 3288 720 3358 tanquam
730 3281 873 3359 inquilina
882 3282 1026 3359 quapiam
1038 3281 1104 3339 nul·

54 3360 118 3419 litus
138 3360 234 3434 pretii,
256 3360 346 3417 vitam
367 3358 445 3437 dego
466 3360 556 3437 patris
578 3360 609 3417 ia
632 3361 776 3431 thalamis,
796 3362 837 3418 sic
858 3360 977 3440 quidem
988 3358 1104 3419 sordida
1123 3364 1184 3425 190

56 3438 170 3497 amica
182 3444 276 3510 caetea
297 3439 393 3497 vacuis
404 3450 505 3497 autem
516 3438 623 3496 adsisto
635 3441 750 3499 mensu.

34 3554 39 3563 -
101 3512 171 3575 cll.-
187 3515 336 3575 Intctuose
352 3532 422 3575 sanc
440 3518 497 3575 fuit
514 3518 564 3575 illa
575 3535 641 3585 vox,
654 3536 720 3597 quae
732 3519 860 3579 reditum
874 3517 1036 3576 nuntiavit:
1057 3516 1105 3577 lu·

55 3598 164 3653 1111011
173 3596 263 3653 etiam
286 3596 336 3653 illa
354 3598 444 3672 patris
463 3598 496 3653 in
517 3596 646 3655 thalamo
664 3598 752 3665 edita,
773 3597 889 3675 quando
901 3612 985 3655 aerea
997 3598 1105 3655 1111111

56 3672 198 3731 adremon
216 3676 347 3733 incussus
366 3682 411 3732 est
430 3675 515 3732 ictus.
556 3675 650 3733 Dolus
663 3678 846 3753 excogitavit,
861 3676 976 3754 Cupido
989 3674 1104 3743 oceidit,
1125 3689 1179 3745 195

55 3750 208 3811 horrenda
225 3754 307 3811 aseris
329 3755 362 3811 in
383 3754 488 3811 animis
510 3763 652 3829 concepta
674 3756 755 3831 prius
776 3755 892 3813 sceleris
912 3755 1024 3825 forma,
1046 3756 1106 3813 slve

55 3828 224 3895 Deoasire
237 3832 406 3891 mortalium
419 3834 482 3909 quis
491 3842 563 3897 erat,
577 3836 627 3910 qui
639 3834 712 3891 illud
724 3837 857 3909 patravit.
1122 3844 1183 3899 200

41 3924 68 3935 ··
99 3906 165 3967 Eis.
185 3910 360 3969 Oomnium
379 3928 450 3989 quas
470 3912 537 3977 vidi,
556 3913 840 3989 longeacerbissima
856 3910 934 3971 dies!
956 3913 985 3970 0
1004 3910 1109 3979 nomn
1186 3939 1190 3946 ·

57 4004 154 4045 coente
173 3988 306 4047 nefandae
326 3989 473 4047 humanda
495 3992 652 4058 calamitas,
670 4009 728 4069 qua
749 4001 833 4069 pater
849 4008 933 4051 saeue
953 4006 1106 4069 oppressus
1122 4002 1181 4057 205

56 4066 132 4131 1111,
142 4066 220 4125 Μο
232 4074 350 4129 necatus
361 4086 381 4127 a
391 4069 517 4147 geroims
530 4070 674 4137 manibus,
693 4088 759 4147 quaa
779 4073 866 4131 vitam
881 4088 996 4150 quoque
1008 4086 1106 4129 meam
1170 4084 1174 4091 ·

54 4142 209 4223 proditam
220 4148 363 4225 eripuere,
383 4164 448 4226 quae
467 4164 515 4205 me
534 4148 664 4205 funditus
676 4150 843 4225 perdidere3
865 4151 971 4231 quibus
988 4150 1107 4225 Jupiter

58 4236 190 4301 magnus
205 4224 365 4304 Olympius
385 4244 470 4303 pares
489 4228 667 4285 calamitates
689 4229 847 4303 immittam
869 4244 964 4309 neque
977 4244 1105 4307 unquam
1123 4236 1185 4293 ato

60 4300 790 4385 fflubeneat,qmtaliaperpetmantnciaorat
1066 4330 1080 4353 ν
1173 4324 1176 4331 ·
