2776 4882
409 284 742 364 ruuocrrrrs.
793 230 795 237 ’
1031 294 1102 363 eu

52 460 87 522 0
100 460 180 531 iubs,
193 461 293 523 burbs
305 463 409 538 petria,
421 465 537 522 utinam
549 469 579 520 te
596 463 705 522 intueri
713 461 787 521 mihi
798 461 885 519 detur
896 461 1010 519 homini
1021 462 1097 519 infe·
1246 525 1252 535 p

52 540 116 605 rtet
131 544 182 619 qui
193 541 312 600 desertis
324 544 411 599 sacris
424 544 480 599 tuis
492 543 630 605 fontibus,
644 543 741 599 invisis
752 541 862 599 Danais
874 541 983 598 auxilio
999 540 1096 616 profe·
1116 545 1192 602 1215

45 628 126 679 *ctus
138 635 212 686 sum,
226 637 360 698 nuncque
372 620 491 678 demum
501 621 607 696 oppido
619 619 708 696 perii!
811 642 814 647 ·
1018 632 1023 642 ·

92 699 166 757 CH.
184 698 330 776 Equidem
338 695 513 770 jamdudum
527 699 564 756 ad
584 716 685 756 navem
700 716 795 756 meam
815 697 948 755 abiissem
964 704 1016 754 tua
1029 714 1098 773 gm-
1187 733 1190 738 -

55 779 113 845 tie,
125 778 182 836 nisi
201 794 292 852 prope
312 777 445 834 incedere
469 777 609 853 Ulyssem,
629 793 744 854 unaque
756 776 877 835 Achillis
889 777 982 834 filium
995 775 1032 833 ad
1044 793 1098 833 nos
1117 780 1194 836 1220

56 873 161 914 vemrc
173 873 329 913 cernerem.

99 931 215 992 ULYS.
234 930 343 992 Nonne
355 931 432 990 dices
446 950 505 1010 quo
525 931 618 990 tendis
630 933 696 998 iter,
711 938 793 990 tanto
805 934 901 990 studio
913 941 1030 1010 tamque
1050 949 1098 992 ce·

55 1012 114 1070 hri
126 1029 227 1090 gressu
238 1013 314 1070 riam
327 1018 487 1071 retrorsum
501 1012 654 1087 relegens?

98 1089 245 1149 Nsrot’r.
265 1090 465 1148 Dissoluturus
478 1107 542 1167 quae
551 1090 665 1165 peccavi
677 1092 807 1148 antchac.

99 1156 216 1228 ULYS.
234 1168 313 1229 Mira
323 1168 479 1244 predicar:
501 1178 650 1242 peccatum
662 1187 731 1227 vero
743 1171 891 1246 quodnam
907 1169 1056 1229 estillud?
1116 1171 1194 1228 lus!
1296 1238 1300 1246 ¹

99 1246 247 1318 Nsorr.
267 1244 354 1310 Quod
367 1264 474 1322 nempe
485 1247 540 1303 tibi
552 1247 744 1326 universoque
757 1251 897 1310 exercitui
916 1266 1028 1307 morem
1046 1267 1097 1326 ge·

56 1342 130 1386 rens
139 1325 283 1383 'admisi—-
752 1390 758 1400 s
986 1325 991 1338 ‘

100 1403 215 1462 ULYS.
235 1402 313 1466 Quid
326 1402 428 1471 iecisti,
441 1405 517 1482 qnod
530 1414 560 1462 te
572 1406 671 1464 decent
683 1406 780 1464 minus
793 1407 804 1461 i

98 1481 247 1540 Nsorr.
266 1482 412 1556 Turpibus
424 1485 544 1541 fallaciis
557 1484 687 1561 dolisque
701 1487 805 1542 fortem
818 1485 912 1542 virum
926 1485 1079 1560 decipiens.
1135 1528 1142 1560 ·.
1189 1526 1195 1537 .

99 1560 216 1619 ULYS.
242 1562 410 1624 Quemnam
443 1563 556 1621 virum?
591 1564 638 1619 hei
670 1563 759 1622 mihi!
795 1563 939 1640 numquid
970 1567 1097 1640 inceptas
1208 1574 1212 1585 ’

58 1640 147 1699 novi?
539 1661 545 1671 ·
978 1658 984 1662 ·

98 1714 244 1776 Nnorr.
265 1717 342 1775 Novi
355 1719 471 1796 quidem
484 1719 573 1777 nihil:
595 1719 644 1776 sed
657 1720 785 1778 Poeantis
797 1720 898 1777 filio-
934 1715 937 1722 ⁴
1116 1735 1194 1791 12³0

73 1823 75 1827 ·
101 1795 217 1854 ULYS.
236 1796 316 1858 Quid
329 1800 372 1854 rei
382 1797 509 1856 facturus
522 1799 571 1854 cs?
593 1817 680 1874 quam
694 1818 742 1857 me
757 1799 872 1856 incessit
884 1795 997 1856 metus!

98 1873 246 1933 NEOPT.
266 1876 292 1932 A
307 1892 365 1953 quo
377 1878 474 1950 accepi
486 1879 564 1934 hunc
576 1895 686 1943 arcum,
699 1896 840 1935 rursus-
1166 1942 1173 1955 N

100 1952 217 2011 ULYS.
237 1953 317 2010 Proh
335 1954 468 2031 Jupiter!
490 1955 560 2033 quid
578 1956 708 2013 dicturus
721 1958 771 2013 ss?
805 1956 897 2022 Num,
911 1971 1018 2033 queso,
1032 1955 1098 2021 red·

14 2030 274 2108 ·derecogitas?
953 2047 979 2062 ’·
1032 2077 1056 2094 Α.
1173 2043 1180 2056 ·

75 2136 81 2146 ·
97 2109 245 2171 ΝΕΟΡΓ.
266 2110 391 2185 Utique:
412 2112 537 2187 turpiter
550 2113 672 2171 enimet
685 2109 792 2184 injuste
804 2130 873 2170 eum
885 2111 958 2187 cepi.

75 2187 218 2246 <ULYS.
237 2187 293 2246 Per
304 2188 393 2256 Deos,
407 2207 479 2247 num
491 2192 566 2248 istuc
578 2191 712 2256 cavillans
723 2190 815 2255 dicis?
1105 2198 1193 2258 {1235

100 2266 248 2326 NEOPT.
268 2268 299 2325 Si
311 2285 379 2324 vero
390 2268 485 2325 dicere
497 2270 639 2346 cevillstio
652 2273 704 2328 est.

103 2341 222 2404 ULYS.
240 2345 319 2408 Quid
331 2347 383 2412 ais,
396 2347 513 2419 Achillis
526 2348 586 2404 fili?
609 2347 678 2421 quid
690 2347 788 2405 dixisti
800 2347 938 2403 obsecro?
1052 2363 1054 2367 ’
1157 2406 1161 2417 ,

100 2420 246 2481 Nuorr.
268 2424 417 2482 Fedemne
430 2425 472 2480 bis
487 2435 586 2503 terque
599 2426 640 2482 vis
653 2441 700 2483 me
713 2427 818 2483 iterare
833 2424 937 2482 verba?
1160 2422 1162 2429 ’

102 2500 224 2560 ULYS.'
237 2501 367 2560 Omnino
380 2519 418 2560 nc
429 2498 518 2560 semel
531 2504 647 2580 quidem
660 2504 784 2561 audiisse
796 2504 909 2560 vellem.

101 2579 247 2638 Nuorr.
264 2582 355 2653 Certo
367 2582 437 2638 scias
451 2584 557 2657 igitur:
580 2601 641 2639 rem
655 2595 772 2639 omnem
786 2591 875 2639 tenes.
1117 2587 1194 2649 1240

103 2657 221 2716 ULYS.
241 2658 295 2716 Est
307 2660 419 2737 aliquis,
433 2672 476 2716 est
490 2662 581 2738 quite
594 2661 760 2735 prohibebit
771 2662 827 2718 hoc
840 2661 943 2718 facere.

59 2735 248 2874 ¹¹¹NEOPP.
261 2737 348 2802 -Quid
368 2737 432 2795 ais?
463 2740 535 2801 Quis
558 2748 610 2805 ert,
632 2741 682 2817 qui
702 2758 749 2798 ms
769 2739 827 2797 hoc
845 2740 940 2796 facere
962 2735 1097 2814 prohibe·
1174 2730 1177 2741 ¹

77 2815 127 2874 ‘ti
187 2860 191 2866 .
750 2829 754 2834 ·
1130 2841 1133 2844 ⁴

103 2891 219 2953 ULYS.
239 2893 396 2953 Universus
408 2895 582 2955 Achivorum
595 2898 747 2964 exercitus,
760 2897 895 2976 interque
907 2897 960 2953 hos
973 2911 1040 2972 ego.

101 2971 251 3032 Nnomt
267 2975 386 3050 sopiens
398 2973 466 3032 licet
478 2977 524 3039 sis,
539 2976 614 3032 nihil
626 2983 724 3032 tamen
736 2978 882 3051 sapienter
894 2974 1028 3052 loqueris.

102 3050 219 3110 ULYS.
238 3055 390 3110 Attnnec
402 3054 537 3130 loqueris,
551 3071 605 3111 nec
617 3055 762 3129 sapienter
774 3071 861 3130 agere
873 3070 965 3129 pares.
1116 3068 1192 3128 1245

101 3129 248 3199 Ninon
268 3131 308 3189 At
318 3133 343 3190 si
352 3127 434 3204 justa
452 3141 520 3190 sunt
533 3150 597 3211 quae
609 3149 676 3208 ago,
688 3132 865 3207 sapientibus
877 3140 947 3189 sunt
958 3137 1100 3206 prestun·
1180 3130 1184 3139 ’

61 3211 150 3269 timu
1000 3255 1003 3261 .

104 3287 219 3359 Unus,
233 3286 273 3347 Et
285 3290 432 3368 quomodo
441 3287 556 3365 justum
568 3291 615 3356 sit,
629 3307 694 3367 quie
706 3291 832 3350 consiliis
845 3290 917 3354 meis
928 3288 1049 3364 adeptus
1058 3304 1099 3357 ss,

65 3369 285 3430 sorestituerei
584 3382 587 3387 ·
925 3401 931 3410 ·

10 3466 12 3473 ·
103 3443 249 3511 NDOP'I'.
267 3447 365 3525 Turpe
378 3449 457 3526 quod
468 3448 571 3506 admisi
583 3455 742 3525 peccatum,
755 3447 908 3518 emendare
920 3447 1056 3506 conabor.
1138 3438 1142 3443 ’

103 3523 220 3583 ULYS.
240 3525 303 3584 Nec
315 3528 371 3585 ista
382 3529 488 3586 iaciens
500 3528 677 3586 Achivorum
690 3529 848 3589 exercitum
862 3529 946 3586 times
959 3530 968 3583 ?
1059 3545 1061 3548 ’
1119 3537 1198 3596 1250

105 3601 253 3662 NFroPr.
272 3605 372 3667 Quum
390 3603 469 3678 justa
490 3605 603 3672 faciam,
617 3623 677 3663 non
697 3614 795 3663 estut
815 3603 951 3665 timorem
971 3607 1045 3664 mihi
1057 3607 1102 3664 iu·

15 3752 18 3757 ¹
65 3683 158 3741 cutiae
172 3706 180 3738 ι
201 3684 380 3760 usqueadeo
393 3684 521 3746 inducar,
535 3691 569 3741 ut
581 3693 621 3751 te,
635 3685 711 3761 quod
720 3681 816 3757 jubes,
828 3676 922 3742 iacere
933 3685 1036 3743 sinam.

85 3806 88 3811 .
105 3759 222 3821 ULYS.
243 3760 312 3818 Non
322 3780 395 3839 ergo
406 3782 475 3822 cum
487 3759 631 3834 Trojanis‘‚
645 3763 696 3820 sed
708 3771 804 3820 tecum
816 3764 1020 3840 pugnabimus.

23 3885 26 3889 ,
103 3830 251 3909 Ntsofr.
273 3839 355 3907 Fsto,
369 3840 508 3920 quidquid
520 3841 651 3899 futurum
666 3851 717 3899 est.
754 3852 757 3858 ’

107 3914 223 3977 ULYS.
242 3917 422 3978 Dextramne
433 3922 509 3978 vides
521 3920 611 3996 gladii
620 3921 727 3994 'cepub
738 3923 921 3997 appositam?
1017 3959 1020 3966 ,
1103 3930 1198 3988 ι1355

64 3995 253 4134 isthmon
272 3997 361 4075 Atqui
373 4016 421 4057 me
431 4017 546 4076 quoque
559 3999 635 4056 idem
648 3999 803 4057 facientem
815 4000 941 4077 videbis3
956 4021 1010 4063 nec
1022 4022 1105 4064 mora
1135 4062 1137 4066 Α
1298 3998 1306 4015 ”

142 4083 195 4132 eet.
456 4115 464 4131 „

43 4198 47 4204 .
107 4151 223 4213 unis.
245 4154 356 4216 Verum
368 4161 399 4212 te
410 4156 520 4227 sinam3
541 4158 655 4235 totique
667 4157 809 4215 exercitui
821 4156 914 4219 diem
927 4162 1001 4230 haec,
1013 4180 1105 4242 quum

61 4248 185 4299 venero,
196 4235 244 4292 cni
258 4236 377 4293 meritos
388 4251 489 4310 poenas
501 4235 591 4293 dabis.

102 4309 253 4373 NEOPT.
271 4313 365 4393 Sapis,
377 4312 539 4393 sedensque
551 4312 641 4378 modo
652 4317 678 4376 si
690 4334 790 4400 sapere
800 4319 971 4394 perrexeris,
984 4319 1201 4382 fortem-1260
