2776 4882
430 235 723 308 TRACHINIAE.
883 342 889 353 .
1040 250 1102 322 179

48 403 261 473 *dihominem
269 411 1102 490 moetmecexperremprndenuoemmebiommmeio-
1167 476 1171 481 ,

61 506 332 629 mmm?
343 492 1101 646 carianitiustsutrssusm
1115 496 1175 563 ⁴⁷⁸
1204 486 1207 505 '

47 649 151 707 secut
159 649 310 717 medullas,
319 669 411 727 eaque
420 661 454 707 ut
460 652 614 725 potiretur,
622 666 815 707 semmuosam
822 649 1100 728 OEchalism,pater·

63 743 131 813 usqi
138 727 217 787 illius
225 728 333 796 sedem,
343 730 420 786 hello
429 730 528 786 diruit.
550 729 589 785 Et
598 730 662 790 ista,
672 745 790 805 aequum
800 738 844 786 est
852 731 931 786 enim
941 747 989 786 me
996 731 1098 800 etiam,

61 820 126 882 φη
136 806 218 865 illius
225 824 324 864 causo
334 807 441 873 favent,
453 807 560 874 dicere,
578 825 632 864 nec
641 803 728 878 jussit
746 808 807 881 ipse
822 807 937 865 silentio
955 825 1098 883 premere,
1113 811 1175 869 480

59 900 114 942 nec
125 885 269 942 infitiatus
279 895 326 942 est
337 903 483 962 unquam:
503 886 553 944 sed
566 903 623 963 ego
635 886 723 949 ultro,
734 885 755 941 c
768 887 847 952 hera,
859 887 966 943 veritus
980 904 1019 944 ne
1034 889 1098 947 aui-
1191 890 1197 899 '

57 969 240 1023 num-tunm
248 965 421 1039 cgrimdine
431 965 585 1030 afficerem,
595 965 651 1022 ista
657 965 684 1020 si
693 962 747 1021 tibi
756 966 965 1032 renuntiarem,
972 969 1097 1040 peccavi,

57 1041 166 1118 siquid
174 1060 194 1099 a
202 1059 249 1099 me
259 1052 409 1116 peecatum
422 1043 509 1100 fuisse
520 1060 628 1100 censes.
649 1043 689 1100 At
701 1059 769 1099 vero
778 1043 1010 1120 quandoquidem
1018 1060 1098 1103 nunc

57 1137 122 1178 rem
133 1138 255 1178 omnem
271 1123 358 1183 nosti,
372 1122 450 1198 quod
470 1122 547 1178 illius
566 1128 674 1198 tuaque
688 1117 798 1195 parite'r
813 1123 944 1186 interest,
957 1123 1097 1183 feminam
1112 1123 1171 1179 485

58 1198 135 1256 hanc
159 1198 205 1257 ier
226 1215 311 1275 aequo
328 1201 428 1259 auimo
447 1208 477 1256 et
498 1199 567 1258 boni
587 1201 714 1265 consule,
737 1217 790 1257 nec
807 1217 871 1275 quae
889 1200 925 1256 de
941 1200 993 1257 illa
1008 1203 1097 1260 modo
1163 1246 1167 1253 .

56 1275 158 1335 (haisti
167 1286 282 1335 mutare
294 1279 373 1335 velis.
412 1279 466 1336 llle
482 1281 561 1336 enim
576 1286 739 1335 ceterorum
750 1279 886 1336 omnium
901 1280 994 1337 victor
1003 1288 1096 1340 certa·

55 1355 182 1423 minum,
195 1353 282 1429 hujus
293 1374 392 1414 amore
404 1375 520 1432 prorsus
531 1357 660 1415 devictus
673 1365 726 1413 est.

93 1433 180 1493 DEI.
192 1433 234 1491 Et
243 1435 292 1497 hic
301 1436 418 1512 quidem
428 1437 503 1493 mihi
509 1445 554 1492 est
560 1437 686 1502 animus,
696 1443 731 1492 ut
745 1437 786 1492 ita
794 1435 914 1494 faciam:
929 1454 1022 1513 neque
1032 1438 1095 1513 ipsa
1109 1437 1184 1504 490,

57 1512 130 1571 mihi
141 1513 253 1571 malum
262 1516 439 1572 consciscam
450 1515 538 1578 ultro,
557 1514 628 1572 Deis
648 1514 753 1572 obnixe
766 1515 907 1571 resistens.
946 1515 1002 1573 Sed
1014 1517 1094 1576 iutro

10 1662 12 1667 Ι
57 1608 169 1658 umus,
178 1602 255 1650 utet
268 1592 322 1649 tihi
333 1592 427 1650 dicam
440 1610 504 1670 quas
519 1603 550 1648 te
562 1593 655 1650 verbis
667 1593 739 1650 meis
751 1591 794 1648 illi
810 1593 978 1650 renuntiare
996 1595 1092 1664 selim,

58 1686 238 1745 muneraque
255 1673 436 1737 concinnem,
450 1689 514 1750 quas
533 1679 568 1728 tu
586 1670 723 1734 illixferas
743 1688 844 1728 eorum
864 1673 924 1728 vice
937 1690 1001 1748 quae
1013 1674 1093 1732 misit

10 1778 15 1817 ι
57 1749 136 1807 mihi.
176 1749 266 1809 Haud
285 1751 366 1806 enim
378 1756 605 1809 consentaneum
624 1758 677 1816 cst,
694 1751 811 1808 inanem
828 1750 958 1820 teabire,
971 1753 1092 1832 quibua
1106 1754 1165 1811 49⁵

10 1822 16 1895 Ι
56 1829 167 1885 veneris
178 1844 247 1886 crim
258 1835 341 1886 tanto
351 1838 525 1887 commeatu.

63 1956 66 1961 .
92 1906 161 1964 GH.
181 1906 327 1965 Invictum
340 1907 447 1984 ubique
459 1908 580 1965 Veneris
597 1915 641 1966 est
653 1907 758 1966 robur:
780 1915 811 1965 et
821 1907 874 1966 ilia
886 1909 1001 1986 quidem
1013 1929 1089 1993 prus

55 1985 198 2051 termittc,
211 2003 275 2063 qua·
287 1986 365 2043 inter
375 1985 455 2044 Deos
466 1987 543 2045 facta
553 1996 633 2050 aunt,
641 2004 695 2044 nec
703 1995 737 2045 nt
749 1987 768 2044 J
770 2005 852 2045 ovem
858 1986 1039 2057 deieniverr‘t,
1046 1990 1091 2049 di·
1107 1990 1168 2047 500

58 2076 129 2131 nm,
142 2064 364 2123 tenebrcsnmve
374 2064 539 2131 Plutonem,
548 2073 600 2122 aut
608 2067 782 2142 Neptunum
791 2075 986 2144 quassatorem
995 2078 1091 2128 term.
1228 2055 1236 2071 ¹

60 2139 168 2201 Ursum
179 2140 300 2214 hujusce
311 2144 440 2201 mulieris
455 2144 608 2220 flagrantes
620 2145 757 2219 cupidine
769 2146 801 2200 iu
815 2152 960 2202 certamen
973 2146 1091 2206 descen·

59 2217 163 2281 icant
172 2221 257 2279 validi
263 2222 324 2279 duc
334 2223 424 2297 proci,
434 2230 500 2280 uter
508 2219 572 2293 ejus
579 2225 722 2298 potiretur
729 2223 849 2297 nuptiis,
859 2224 1090 2301 omnimodisque
1106 2228 1165 2282 505

61 2294 262 2377 deptrgus'runt
271 2300 460 2359 conflictibus.
498 2303 581 2358 Alter
593 2301 709 2378 quidem
723 2310 785 2357 erat
797 2318 905 2376 magna
913 2303 940 2357 vi
952 2303 1091 2376 praeditus

60 2374 167 2445 iuvius,
179 2378 372 2456 quadrupedis
383 2380 467 2437 tauri
487 2380 612 2437 formam
632 2378 761 2442 indutus,
778 2379 875 2435 arduis
896 2381 1032 2438 cornibus
1043 2400 1090 2440 ar-
1158 2425 1161 2431 -

61 2465 166 2515 ustum
176 2452 326 2528 objectans
336 2466 434 2534 caput,
444 2457 590 2516 Achelous
603 2458 641 2514 ab
652 2457 786 2515 OEniadis
796 2482 803 2512 z
817 2458 893 2514 alter
904 2466 1003 2517 sutem
1015 2459 1090 2518 Bac·
1105 2463 1164 2518 510

62 2531 142 2593 ehicis
153 2537 231 2593 renit
244 2553 263 2594 a
273 2534 390 2604 Thebis,
403 2554 481 2595 acres
491 2555 586 2603 arcus,
598 2537 769 2613 hastiliaque
780 2545 811 2593 et
825 2537 934 2594 clavam
946 2539 1090 2614 quatiens,

62 2607 133 2671 loris
144 2612 239 2686 fluns,
258 2615 309 2692 qui
328 2623 393 2673 urm
411 2614 621 2673 concurrerunt
638 2616 708 2672 totis
720 2615 837 2682 viribtu,
855 2615 989 2673 thalamis
1002 2619 1091 2691 potiri

63 2692 209 2767 eripientes.
227 2693 268 2750 At
279 2693 340 2752 sola
350 2696 383 2751 in
395 2695 492 2752 medio
503 2694 602 2751 Venus
614 2694 722 2752 arbiter
733 2703 776 2750 est
789 2711 904 2769 pugnae.
929 2693 1013 2753 Tunc
1024 2705 1088 2755 erat
1105 2696 1165 2752 515

65 2779 283 2838 monument
301 2780 332 2829 et
347 2789 479 2838 murum,
491 2775 657 2849 mixtusque
672 2772 856 2830 taurinorum
874 2774 1012 2849 strepitus
1026 2791 1089 2833 cor-

65 2860 148 2907 luum
155 2874 166 2921 ς
179 2860 265 2909 eraut
274 2851 363 2909 etiam
373 2840 692 2928 luctationes‘utrinque
701 2853 942 2927 constringentes,
950 2862 1091 2931 erantque
1105 2854 1166 2909 520

66 2924 230 2989 chunorum
241 2930 370 3004 cupitum
388 2929 539 2987 horribiles
556 2931 641 2995 ictus,
655 2938 687 2986 et
703 2932 831 3006 gemitus
849 2931 1010 2989 amborum.
1049 2934 1091 2989 At

65 3015 176 3067 Μυῖα
187 3017 288 3066 tenera
298 3009 383 3085 virgo
391 3009 545 3083 conspicuo
554 3009 585 3064 iu
597 3009 671 3064 colle
683 3007 809 3074 sedebat,
820 3018 987 3082 exspectans
996 3011 1090 3068 utrius
1105 3010 1164 3065 525

10 3138 12 3148 .
64 3079 369 3159 &musetccnjuxr
384 3086 1089 3162 sieautemexmatreaudivitutfcrmcsapuella,

10 3202 14 3215 ·
64 3166 407 3240 mcsimmcertaminis
416 3166 553 3240 pretium,
565 3164 648 3222 vultu
660 3163 814 3222 miserabili
823 3165 936 3222 exitum
945 3175 1090 3242 exepeclar

10 3293 15 3304 .
65 3242 136 3310 ierit,
148 3251 242 3320 utque
253 3262 272 3301 a
283 3250 377 3303 matre
389 3245 488 3303 statim
500 3243 669 3306 discesserit,
683 3260 738 3300 ceu
749 3243 862 3299 deserta
874 3244 972 3312 vitula.
1105 3244 1165 3299 530

10 3369 15 3391 ,
78 3314 173 3381 'nui
193 3321 286 3389 Dum,
295 3339 370 3380 carre
382 3323 518 3399 virgines,
531 3323 635 3397 hospes
647 3322 697 3378 ille
707 3323 787 3378 intus
798 3322 955 3399 alloquitur
964 3325 1089 3398 captivas

10 3408 15 3459 ἓ
61 3401 169 3472 nubs,
177 3402 275 3478 utqui
284 3401 397 3459 abitum
409 3408 501 3476 paret.
511 3401 624 3459 interea
633 3400 756 3458 clamad
765 3417 814 3456 ros
823 3401 918 3475 prodii
926 3401 1012 3467 foras,
1022 3411 1087 3459 tum

10 3502 15 3540 r
61 3486 87 3537 rt
97 3479 179 3537 robis
191 3496 324 3538 enarrem
337 3496 407 3556 quas
419 3480 512 3537 struxi
524 3479 682 3545 machinas,
693 3487 756 3536 tum
769 3487 881 3554 utque
892 3481 988 3553 patior
996 3480 1088 3537 infor·
1103 3478 1161 3537 535

10 3572 27 3615 t·
59 3556 456 3634 unmvobissumdeplooem.
475 3546 627 3634 Virginem
635 3559 713 3615 enim
723 3557 945 3634 haudquaquam
953 3557 1088 3632 amplius,
1111 3614 1114 3618 .

56 3632 207 3713 sejugum
225 3653 330 3694 nexam
341 3637 466 3703 viuculo,
484 3636 522 3693 ad
541 3653 590 3693 me
609 3637 715 3711 recepi,
734 3653 808 3693 onus
828 3636 907 3691 velut
926 3637 1087 3705 nauclerus,

55 3710 274 3773 cenomaniae
285 3731 412 3774 mercem
424 3715 524 3773 anirno
536 3731 611 3771 meo.
642 3715 683 3771 Et
695 3730 773 3770 nunc
792 3730 845 3770 nos
858 3713 923 3770 duae
935 3731 1087 3777 manemus

55 3792 175 3851 mrasub
183 3794 314 3868 stragula
323 3795 411 3851 unius
421 3793 586 3868 amplexus:
601 3792 689 3851 talem
701 3791 851 3858 Hercules,
861 3793 910 3849 ille
919 3791 993 3849 lidus
1003 3793 1087 3851 nobis
1101 3791 1163 3849 540

52 3878 82 3928 ct
101 3871 198 3933 bonus
215 3871 319 3938 dictus,
338 3873 484 3930 diuturne
504 3871 609 3929 domus
629 3871 768 3928 custodia
785 3870 947 3929 mercedem
966 3871 1086 3932 remisit.

49 3946 118 4026 Ego
131 3966 203 4007 vero
213 3966 381 4008 succensere
393 3950 510 4026 quidem
530 3951 573 4006 illi
596 3966 656 4006 non
676 3949 765 4013 soleo,
779 3951 830 4025 qui
841 3950 928 4006 toties
946 3948 1088 4007 laborarit

48 4027 106 4086 hcc
118 4029 184 4103 ipso
195 4028 314 4085 morhc:
335 4036 365 4085 at
378 4046 439 4086 una
449 4029 482 4086 in
493 4027 659 4085 donincum
671 4028 773 4103 pellice
789 4027 930 4095 hahitare,
943 4045 1007 4103 quae
1021 4046 1086 4085 mu·
1101 4026 1159 4085 545
1171 4032 1174 4037 '

46 4105 104 4165 lior
116 4107 261 4183 stretincat
272 4124 414 4184 unquam,
432 4109 465 4164 in
484 4115 598 4182 partem
609 4106 766 4165 admittens
782 4103 912 4179 ejusdem
924 4105 1084 4164 connubii?

43 4184 97 4245 liti
108 4186 191 4243 euim
202 4185 305 4243 uorem
317 4204 386 4243 eum
403 4203 466 4243 esse
484 4185 578 4242 aetatis
596 4184 689 4248 video,
703 4184 796 4263 quiin
809 4185 870 4243 dies
883 4185 934 4241 fiat
945 4185 1086 4262 vegetior,

44 4264 125 4329 mihi
136 4279 206 4325 rem
218 4274 458 4331 marcescentem:
471 4266 504 4323 in
516 4263 569 4321 illo
580 4263 692 4335 herere
703 4263 778 4324 solet
789 4264 843 4326 riri
854 4263 955 4325 oculus
961 4286 971 4339 5
985 4261 1085 4337 abhoc
