2776 4882
221 255 293 373 'irs
681 292 817 367 star.

267 468 383 528 ULYS.
402 468 468 530 Qun
480 467 608 534 audacia,
621 468 667 527 vel
679 489 735 549 qim
747 472 838 531 fretus
852 471 974 530 fiducia?

265 547 356 605 MIN.
375 547 474 605 Noctu
486 549 522 604 in·
531 565 579 605 vos
592 548 693 606 furtim
706 568 836 627 egressus
848 562 892 607 est
903 552 992 609 solus.

267 626 381 685 ULYS.
400 627 447 683 An
460 633 490 682 et
502 626 621 701 propius
632 631 760 695 accessit,
772 629 918 715 finemque
930 627 1055 706 contigit
1066 626 1142 687 viae!

266 703 356 762 MIN.
377 704 485 782 Utique
496 705 684 781 geminorum
695 707 803 764 ducum
815 708 948 765 tentoriis
957 703 1020 779 jam
1032 708 1187 766 institerat.

176 782 216 837 50
268 782 382 842 ULYS.
402 782 463 844 Qui
475 801 544 840 vero
556 784 682 841 inhibuit
694 802 814 843 manum
826 785 938 843 asidam
950 785 1054 843 cadis?

268 861 356 919 MIN.
376 860 511 936 Repressi
527 880 595 918 eum
608 880 665 937 ego
677 862 714 919 ab
726 863 931 921 immedicabili
949 864 1066 940 gaudio,
1083 860 1204 937 objectis
1220 859 1257 924 ob

229 942 328 997 oculos
339 940 416 998 falsis
430 940 612 1014 imaginibus,
626 948 656 996 et
668 940 714 997 ‚ad
733 958 838 1019 greges
858 944 1035 1019 promiscuos
1056 942 1148 1002 averti
1166 940 1253 1017 pmdt

229 1019 396 1076 abactorum
407 1035 556 1091 pecorum,
566 1017 697 1075 nondum
706 1021 836 1094 partitos,
845 1020 967 1094 publicis
975 1020 1135 1079 cirstoditos
1144 1030 1249 1097 apasto-

176 1093 215 1149 55
229 1097 319 1164 ribus,
333 1113 390 1174 quo
399 1098 447 1153 ille
456 1098 533 1153 facto
540 1098 652 1170 impetu
658 1098 844 1173 cornigerum
854 1098 942 1156 boum
955 1100 1013 1156 late
1024 1099 1117 1157 edidit
1123 1108 1248 1175 suspen,

229 1178 334 1253 passim
347 1175 532 1240 obtruncans,
544 1174 632 1232 modo
652 1177 785 1250 geminos
799 1194 829 1233 sc
849 1184 955 1252 putans
970 1194 1059 1235 manu
1070 1196 1124 1235 sus
1134 1174 1247 1235 omues

229 1253 354 1320 Atridas,
367 1252 566 1320 modoetiam,
579 1253 636 1311 alio
648 1255 771 1319 irruens,
784 1254 897 1313 ducem.
925 1254 992 1331 Ego
1004 1273 1072 1313 vero
1082 1260 1246 1333 grmsumeu

175 1328 216 1382 60
229 1332 381 1391 finialibus
389 1332 495 1389 morbis
503 1332 652 1389 hominem
662 1332 813 1408 instigans,
822 1333 854 1391 in
861 1351 952 1389 casses
962 1333 1064 1405 impuli
1074 1334 1171 1391 malas.
1182 1331 1245 1389 Tau·

182 1417 187 1427 '
228 1412 297 1469 dem
323 1410 373 1469 ubi
395 1411 449 1467 hac
468 1429 487 1467 a
505 1408 582 1467 caede
606 1428 662 1467 con
681 1411 781 1474 uievit,
798 1412 962 1487 superstites
981 1412 1128 1489 colligavit
1141 1406 1243 1479 vincul!

230 1490 326 1555 boves,
337 1496 502 1566 ceterasque
515 1488 647 1562 pecudes,
660 1507 679 1545 a
717 1490 836 1565 uxitque
849 1507 950 1548 omnes
962 1490 1092 1555 domum,
1104 1483 1244 1563 rems-vir?

176 1559 214 1619 65
229 1586 270 1635 se,
284 1585 345 1626 non
356 1576 454 1625 sertem
467 1567 620 1642 cornigero
629 1568 714 1641 potiri
723 1585 812 1641 pecus
827 1576 856 1623 et
870 1585 947 1624 nunc
957 1568 1036 1625 domi
1049 1559 1243 1641 vinnoetepb

229 1647 323 1705 mdit.
362 1645 521 1703 Ostendam
530 1662 598 1701 vero
606 1656 637 1701 et
645 1644 700 1703 tibi
712 1646 896 1703 manifestum
910 1647 987 1703 hunc
999 1646 1146 1711 morbum,
1155 1652 1195 1711 ut,
1204 1634 1244 1697 ubl

229 1725 344 1791 videris,
370 1723 505 1781 omnibus
526 1723 641 1799 Argivis
660 1740 784 1781 enarres.
823 1724 960 1780 Fidenter
981 1722 1031 1781 hic
1053 1724 1185 1789 consiste,
1202 1732 1243 1783 ret

229 1803 338 1877 deputa
349 1803 381 1859 iu
393 1802 470 1859 malo
481 1810 667 1876 conspectum
680 1802 823 1871 hominis3
837 1802 914 1859 illius
924 1803 1004 1861 enim
1015 1820 1145 1861 aversam
1154 1803 1184 1859 iu
1192 1810 1243 1875 ptr·

164 1878 217 1952 Ι70
230 1889 291 1940 tem
304 1880 445 1958 torquebo
456 1880 578 1947 lumina,
593 1898 630 1937 ne
642 1881 756 1939 vultum
769 1892 854 1937 tuum
866 1881 1023 1940 intueatur.
1063 1880 1145 1939 Heus
1157 1888 1197 1945 tn,
1205 1872 1243 1951 qui

229 1960 355 2033 captivas
367 1976 470 2029 mauris
486 1959 605 2019 vinculis
621 1963 746 2021 coerces,
765 1965 793 2015 te
807 1958 941 2025 accedere
951 1957 1060 2032 jubeo:
1081 1956 1245 2035 Ajacem

228 2039 315 2116 pello,
328 2037 502 2113 progredere
514 2038 573 2094 huc
585 2036 671 2099 foras.
1196 2082 1219 2117 ὦ

269 2116 384 2177 ULYS.
403 2116 482 2177 Quid
494 2115 567 2191 agis,
577 2114 730 2184 Minerva?
752 2114 945 2193 Nequaquam
956 2133 1027 2183 eum
1038 2115 1117 2175 foras
1128 2123 1226 2195 evoe!-

175 2188 215 2249 '1'5
267 2194 357 2253 MlN.
377 2194 448 2251 Non
460 2194 586 2257 tacebis?
608 2211 646 2251 ne
657 2192 790 2251 formida.
1196 2196 1220 2263 ᾗ

269 2272 383 2332 ULYS.
402 2273 460 2337 Ns,
474 2290 526 2348 per
537 2272 615 2331 Deos
628 2271 766 2339 obtestor.
805 2270 925 2335 Maneat
937 2274 1016 2335 intus
1029 2274 1135 2348 potius.

153 2388 159 2404 .
267 2351 358 2409 MlN.
378 2350 488 2412 Quidni
501 2350 722 2427 progrediatur?
744 2366 842 2417 nonne
855 2358 885 2406 et
897 2362 984 2409 antea
995 2351 1044 2419 hic
1055 2354 1099 2413 vir
1111 2360 1207 2411 erat-
1236 2388 1239 2393 -

228 2472 231 2477 -
269 2429 382 2489 ULYS.
402 2429 536 2486 Infensus
548 2429 666 2505 quidem
678 2428 760 2493 mihi,
775 2436 802 2483 et
818 2429 996 2489 nuncetiam
1007 2432 1142 2507 surplius.

268 2508 358 2565 MIN.
378 2508 487 2565 Nonne
499 2508 619 2564 irridere
631 2506 782 2563 inimicum
796 2507 870 2571 risus
882 2516 924 2564 est
937 2508 1118 2567 dulcissimus
1127 2510 1145 2567 ἶ

176 2582 217 2639 80
268 2587 385 2645 ULYS.
404 2585 480 2641 Mihi
492 2585 609 2661 quidem
621 2585 689 2641 satis
701 2594 745 2641 est
757 2586 932 2644 illum'intus
945 2604 1072 2645 manere.
1110 2652 1113 2657 ,
1180 2606 1205 2665 '.

268 2664 360 2724 MIN.
380 2664 539 2721 Furentem
551 2662 702 2721 manifeste
715 2664 863 2731 bominem
877 2664 1022 2740 adspicere
1035 2666 1160 2725 vereris?
1229 2708 1237 2721 .

270 2735 385 2801 ULYS.
405 2742 514 2799 Sanum
526 2742 643 2817 quidem
656 2740 739 2799 illum
752 2742 861 2799 intueri
873 2760 934 2801 non
946 2743 1122 2819 refugerem.

269 2821 361 2893 MIN.
378 2821 419 2879 ut
431 2837 510 2892 nunc
522 2828 561 2887 te,
574 2838 612 2887 ne
625 2837 715 2895 prope
728 2819 888 2878 adstantem
903 2821 1029 2898 quidem,
1043 2822 1159 2883 videbit.

270 2898 385 2958 ULYS.
405 2896 549 2965 Quidum,
562 2897 688 2959 simodo
701 2898 801 2955 iisdem
815 2900 915 2965 cernit¹
923 2900 1031 2957 oculis?

176 2972 215 3025 85
267 2978 358 3036 MlN.
378 2976 479 3037 Oculis
491 2976 580 3036 etiam
592 2976 753 3033 videntibus
765 2976 919 3055 caliginem
933 2978 1102 3055 obfundam
1218 3046 1222 3051 ι

269 3055 384 3115 ULYS.
404 3056 490 3117 Fiant
502 3056 618 3132 quidem
631 3052 738 3120 omnia,
751 3054 816 3113 Deo
830 3057 1022 3133 machinante.

269 3135 359 3210 MIN.
379 3134 496 3209 Tacitus
509 3151 586 3193 nunc
598 3133 689 3199 adsta,
702 3141 733 3189 et
745 3151 831 3190 mane
844 3152 902 3213 quo
914 3152 945 3205 ps
955 3136 988 3211 lp
999 3129 1077 3215 loom
1095 3198 1099 3205 ,

270 3211 385 3271 ULYS.
405 3212 550 3270 Manebo:
572 3212 688 3269 mallem
702 3218 800 3268 mmeu
812 3214 914 3288 procul
924 3214 1031 3271 abesse.

177 3288 218 3359 Ι90
269 3288 359 3349 ΜΙΝ.
381 3289 462 3347 Heus
482 3298 525 3357 tu,
545 3287 631 3361 Ajax,
651 3291 759 3367 iterum
779 3300 809 3367 te
829 3292 887 3359 buc
903 3309 982 3367 voco.
1009 3284 1083 3373 'cur
1100 3298 1163 3369 tam
1182 3278 1279 3373 perri

230 3371 300 3430 facis
312 3368 523 3444 auxiliatricem
535 3368 637 3427 tuum?
693 3428 696 3433 ,
1188 3382 1192 3391 “

235 3438 239 3449 ’
269 3450 325 3507 As.
345 3448 374 3504 Ο
395 3447 470 3503 salve
492 3446 633 3511 Minerva,
655 3446 730 3503 salve
747 3446 820 3507 Jove
839 3449 940 3525 genita
961 3448 1072 3524 proles!
1093 3448 1189 3527 Quum

231 3536 357 3603 portune
374 3523 457 3585 ades!
479 3525 595 3603 Quippe
610 3526 704 3589 aureis
723 3526 856 3591 mactabo
877 3537 906 3585 te
927 3528 1034 3604 spoliis,
1056 3524 1144 3605 litum

255 3608 334 3663 ratia.
832 3610 836 3618 “
1249 3656 1252 3661 .

179 3625 253 3745 ,958
271 3684 361 3743 MlN.
381 3684 506 3759 Pulchre
528 3681 618 3759 ditetis
639 3681 762 3763 sed-hoc
783 3683 856 3755 mibi
879 3700 981 3776 Diffi}
1003 3684 1145 3763 ¹i¹l¹i⁸ii¹¹⁹
1164 3690 1281 3753 W

234 3762 324 3838 probe
336 3763 367 3840 in
379 3764 552 3842 Argivorum
565 3762 713 3839 eremitis?

272 3840 325 3910 At.
345 3840 470 3898 Gloriari
482 3840 524 3909 ias
536 3840 609 3905 mihi
621 3845 674 3905 est,
688 3855 741 3895 nec
754 3838 863 3896 factum
877 3857 991 3917 negem.

270 3918 362 3975 MIN.
381 3920 429 3974 An
440 3919 528 3981 etiam
540 3916 647 3981 Atridis
659 3924 800 3981 armatum
813 3918 935 3976 intulisti
950 3920 1088 3978 manum?

271 3996 325 4053 ΑΙ.
345 3996 392 4065 Ita
404 3986 437 4052 u't
449 3990 567 4071 Ajacem
581 4013 641 4053 nun
652 3996 775 4071 amplius
787 3994 828 4053 illi
840 3996 966 4055 afficient
977 3996 1166 4075 contumel'm,

270 4074 360 4132 MlN.
380 4074 542 4138 Perierunt,
555 4081 589 4130 ut
600 4073 686 4145 serbe
698 4083 750 4131 tua
762 4074 902 4151 intelligo.

161 4149 219 4221 100
270 4153 324 4209 AJ.
344 4151 455 4208 Mortui
462 4148 526 4225 jam
540 4169 605 4221 mea
615 4152 739 4223 eripiant
751 4167 841 4210 arma.

270 4229 373 4367 Mu}u
379 4230 460 4287 Esto.
471 4228 545 4349 >quid
556 4246 624 4305 vero
634 4228 737 4311 inerti
748 4228 843 4311 lilius?
864 4248 999 4312 quaeum
1010 4232 1040 4309 ei
1050 4250 1114 4302 sors
1125 4232 1252 4315 obp‘gitt

231 4328 303 4390 pum
316 4328 340 4385 e¹
373 4309 418 4406 git
430 4315 477 4383 te,
879 4322 882 4327 ·
1191 4320 1198 4331 ·
