2776 4882
354 270 547 363 marrus
572 276 833 346 coronans
946 308 950 318 x
1053 287 1111 377 ns

103 436 203 523 DED,
217 449 397 516 Quodnam?
411 451 490 509 baud
499 452 579 510 enim
591 454 791 530 parvumquid
803 454 934 511 minatur
943 451 1004 509 brec
1013 457 1110 531 sessio.

103 530 173 590 TH.
193 530 283 590 Illum
305 530 451 606 postulare
472 533 565 598 aiunt,
589 540 622 589 ut
642 533 696 590 sibi
720 535 806 590 liceat
827 531 865 589 ad
885 540 914 589 te
932 531 1068 590 accedere
1080 542 1112 591 et

58 602 311 745 iecumtcolloqui,
324 619 391 667 tum
402 617 469 667 tuto
480 608 571 677 abire,
585 612 716 688 nihilque
733 611 803 669 mali
820 628 947 686 passum,
962 610 1041 688 quod
1053 614 1111 671 huc
1131 607 1208 664 11⁶ss

59 700 165 745 venen
179 731 187 745 .

101 764 200 823 OED.
219 764 361 827 Quisnam
373 784 435 824 esse
449 768 548 841 possit,
562 769 613 843 qui
624 768 666 825 sio
677 767 799 843 supplex
811 767 913 825 sedet?

100 843 173 903 ΤΗ.
192 843 276 911 Vide,
290 862 369 936 nuni·
385 845 472 923 Argis
492 848 555 924 quis
574 846 654 903 vobis
676 843 816 923 cognatus
838 849 887 915 sit,
908 847 1026 927 quiboc
1047 856 1111 909 ate
1135 840 1137 849 ¹
1228 890 1238 910 .

61 922 136 981 §elit
147 923 296 1000 consequi.

45 1040 54 1059 -.
100 1000 198 1061 OED.
216 1003 247 1058 0
258 1001 415 1068 carissime,
429 1020 466 1059 ne
479 1002 557 1061 ultra
568 1004 753 1082 progredere.

97 1078 171 1137 ΤΗ.
189 1079 351 1141 Quidvero
363 1082 492 1138 esttibi?
685 1112 688 1119 ·
935 1128 939 1141 .

82 1156 199 1229 ’(1111),
218 1158 266 1217 Ne
280 1177 329 1219 me
340 1160 466 1216 obsecra.
1129 1162 1207 1225 tiro

83 1236 172 1301 ,111
191 1236 328 1299 Quanam
340 1255 428 1312 super
440 1240 492 1296 re?
514 1238 560 1297 dic
572 1239 665 1298 mibi,n
1125 1236 1127 1241 ’

100 1314 199 1375 OED·
221 1315 273 1375 Sat
285 1317 354 1383 scio,
368 1318 413 1373 his
426 1317 541 1380 auditis,
555 1320 619 1395 quis
633 1318 682 1375 ille
694 1318 741 1385 sit,
755 1318 806 1396 qui
818 1310 855 1377 ad
866 1333 947 1376 amm
958 1318 1048 1379 sedet.
1155 1372 1157 1377 .

100 1393 172 1453 ΤΗ.
185 1394 226 1452 Et
235 1392 425 1470 quietandem
434 1407 488 1462 sst,
496 1413 584 1473 quem
593 1397 718 1472 dignum
726 1399 950 1472 reprehensione
957 1394 1108 1470 judicem?

99 1472 198 1533 OED.
217 1472 308 1531 bilius
327 1491 420 1540 meus,
436 1475 529 1541 brex,
547 1475 658 1543 odium,
671 1472 754 1547 cujus
767 1494 824 1552 ego
835 1494 984 1535 sermones
996 1497 1032 1536 ex
1044 1496 1109 1536 orn-

60 1550 150 1611 'nibus
163 1553 292 1611 maximo
303 1570 371 1608 cum
383 1552 485 1610 dolore
498 1553 673 1610 sustinerem
685 1554 794 1613 audire.

100 1630 172 1690 ΤΗ.
190 1630 270 1711 Quid
281 1631 371 1688 vero?
393 1648 456 1689 non
467 1631 521 1688 tibi
533 1633 634 1698 audire
653 1633 732 1699 licet,
746 1650 866 1710 queque
886 1633 971 1702 nolis,
985 1651 1051 1692 non·
1062 1633 1104 1693 fa·
1127 1634 1204 1697 urs

11 1748 17 1763 .
64 1711 152 1769 cerel
170 1727 228 1767 cur
237 1708 339 1767 audire
351 1709 403 1767 tibi
416 1712 457 1768 sic
469 1711 625 1769 molestum
639 1712 702 1769 est?

10 1858 13 1873 Ι
101 1786 197 1847 OED.
216 1788 401 1854 Invisissima,
414 1790 433 1847 b
446 1807 506 1852 rex,
517 1809 573 1847 vox
584 1789 635 1847 illa
648 1791 735 1867 patris
747 1790 850 1848 accidit
861 1798 996 1859 auisset
1008 1810 1046 1850 ne
1058 1808 1107 1850 me

10 1882 13 1905 ¹
45 1923 51 1932 ,
64 1884 100 1929 eo
110 1866 235 1945 redigas,
252 1875 285 1925 ut
297 1868 403 1924 invitus
415 1869 477 1925 baec
490 1867 544 1925 tibi
556 1869 722 1927 concedam.

100 1945 170 2005 ΤΗ.
188 1946 247 2003 Sed
258 1945 289 2004 id
301 1947 326 2002 si
338 1946 450 2020 flagitat
463 1948 583 2023 supplex
603 1948 641 2005 ad
662 1966 743 2006 ararn
759 1947 885 2005 sedentis
901 1947 1029 2018 habitus,
1041 1948 1107 2007 side
1126 1945 1205 2015 11811.

64 2040 175 2084 maon
185 2024 246 2095 Dei
257 2025 363 2101 religio
376 2026 430 2082 tibi
441 2026 580 2083 servanda
592 2027 638 2084 sit,
1082 2083 1086 2103 „
1118 2022 1120 2026 ⁴

103 2102 194 2163 ANT.
214 2104 309 2167 Pater,
324 2103 493 2178 obtempera
505 2105 589 2171 mihi,
602 2104 718 2162 tametsi
728 2105 942 2163 adolescentula
950 2112 980 2162 te
990 2123 1105 2168 moneo.

67 2174 168 2241 Virum
179 2182 260 2249 hune
270 2182 333 2239 sine
345 2200 399 2239 suo
411 2184 500 2258 ipsius
511 2183 752 2260 animoobsequi,
773 2191 804 2240 et
823 2182 899 2250 Deo,
913 2185 987 2240 sicut
1005 2187 1102 2260 cupit;
1185 2240 1193 2249 ,

28 2266 31 2271 “
69 2258 191 2319 etnobis
201 2261 375 2319 concedent
388 2262 479 2319 frater
491 2263 596 2320 veniat.
636 2262 708 2319 Non
728 2263 808 2319 enim
828 2271 868 2327 te,
888 2263 1012 2329 confide,
1032 2265 1106 2322 inri-
1126 2259 1205 2339 118}

71 2344 128 2397 tum
139 2358 160 2397 a
169 2342 315 2397 sententia
327 2340 538 2409 absterrebant,
553 2358 616 2416 quae
627 2340 677 2407 ille
690 2340 743 2397 tibi
756 2358 817 2397 non
829 2332 1107 2401 commodadixen‘t.

73 2412 163 2475 Verba
175 2426 274 2476 autem
286 2419 419 2485 audiisse,
433 2418 502 2496 quid
515 2421 666 2476 nocuerit?
680 2437 749 2476 sanc
761 2419 880 2476 comilis
892 2427 970 2477 recte
979 2421 1109 2496 cogitata

73 2496 159 2565 serbis
170 2496 362 2555 declarantur.
401 2498 537 2555 Genuisti
556 2499 637 2555 illurn
650 2522 658 2554 ι
680 2515 782 2574 quare,
796 2498 910 2555 etiamsi
922 2516 993 2574 erga
1005 2510 1035 2555 te
1047 2517 1107 2556 sce-

57 2602 61 2613 ,
74 2570 216 2633 lestissime
226 2594 259 2635 se
271 2578 403 2652 gesserit,
416 2595 453 2633 ne
463 2576 517 2632 tibi
530 2576 648 2652 quidem
661 2577 704 2634 fas
716 2585 758 2632 est
778 2577 853 2634 male
873 2578 916 2634 illi
932 2576 1105 2653 rependere:
1125 2574 1202 2630 1190

74 2653 117 2713 sod
128 2655 247 2713 missum
260 2673 328 2712 eum
342 2657 395 2712 lire.
434 2656 511 2711 Sunt
530 2664 561 2712 et
578 2655 641 2712 aliis
654 2657 723 2714 mali
738 2654 830 2718 liberi,
844 2663 874 2712 et
886 2656 930 2712 ira
946 2649 1019 2712 acris
1027 2680 1035 2726 ;
1057 2657 1108 2715 sed

77 2733 229 2791 amicorum
251 2733 363 2791 blandis
383 2734 516 2810 alloquiis
538 2736 654 2800 moniti,
676 2733 843 2795 mulcentur
860 2735 1107 2811 deliniunturque.

76 2806 115 2867 ’111
124 2829 193 2869 vero
204 2829 242 2871 ne
254 2830 333 2869 nunc
346 2814 423 2869 mala
437 2812 491 2868 illa
505 2823 658 2888 respectes,
672 2831 737 2889 quae
749 2831 849 2891 passus
862 2832 892 2869 es
905 2813 943 2870 ob
954 2816 1109 2872 commissa
1125 2807 1200 2873 11911Ι

77 2884 223 2966 inpetrem
241 2899 421 2968 matremque
439 2892 571 2966 piacula,
592 2909 758 2969 quanquam
780 2893 805 2948 si
825 2892 875 2967 illa
888 2892 1004 2968 penitus
1016 2893 1107 2966 inspi-

74 2966 133 3034 cias,
144 2972 312 3046 cognosces,
325 2978 371 3026 sat
391 2971 460 3035 scio,
473 2989 560 3046 quam
581 2970 674 3027 malus
690 2971 728 3028 sit
749 2972 800 3028 irae
821 2971 990 3045 impotentis
1002 2973 1106 3028 exitus.

10 3111 13 3124 Ι
73 3041 165 3105 Habes
173 3050 257 3105 enim
269 3045 356 3119 hujus
365 3051 408 3106 rei
418 3050 496 3105 baud
506 3049 569 3104 leve
581 3057 798 3124 argumentum,
810 3048 1007 3126 quod'effossis
1017 3050 1107 3106 oculis
1125 3043 1202 3103 1100

10 3164 16 3198 ,
73 3116 306 3187 lunineorhatus
318 3144 358 3184 es.
397 3126 507 3184 Verum
527 3127 709 3185 nobiscede:
733 3127 946 3187 nonenimdiu
959 3127 1042 3183 deret
1055 3128 1107 3184 oh-

10 3244 13 3275 ,
61 3220 186 3275 ,unare
199 3206 250 3283 qni
258 3201 340 3276 justa
357 3214 471 3281 petunt,
491 3224 586 3283 neque
601 3207 697 3281 ipsum
710 3215 739 3262 te
752 3223 805 3281 par
817 3216 861 3265 est
874 3205 1047 3265 beneficium
1060 3224 1108 3264 ae-

66 3284 182 3360 cepisse,
195 3292 225 3340 et
236 3295 389 3361 acceptum
401 3286 511 3341 nescire
523 3284 692 3361 rependere.
1047 3323 1049 3327 -
1116 3356 1119 3360 Ι

102 3362 198 3421 0111).
210 3360 300 3429 Nata,
311 3362 478 3421 vincitisme
492 3370 586 3420 vestra
594 3363 736 3429 oratione,
746 3370 780 3421 ut
793 3364 871 3422 vobis
882 3380 993 3420 morem
1006 3380 1107 3439 geram
1123 3356 1201 3434 laos

60 3444 96 3501 in
120 3458 155 3501 re
174 3442 249 3499 mihi
274 3442 462 3517 permolesta:
483 3443 521 3498 sit
542 3442 644 3518 igitur,
668 3453 702 3500 ut
724 3440 803 3499 vobis
826 3445 929 3518 placet.
966 3442 1106 3508 Tantum,

57 3521 216 3596 perpessi
235 3520 354 3597 quidem
371 3521 422 3578 ille
444 3522 502 3578 hue
521 3522 643 3588 venerit,
661 3538 698 3578 ne
718 3522 781 3598 quis
795 3521 884 3578 vitam
897 3538 993 3581 meatu
1010 3521 1043 3577 in
1055 3539 1109 3588 sua

10 3596 12 3625 ²
42 3598 333 3682 ‚pommeranas
1032 3660 1034 3665 ,

39 3734 44 3739 .
98 3676 172 3735 ΤΗ.
193 3675 267 3736 Haec
290 3678 380 3735 semel
404 3677 509 3736 dixisse
533 3678 601 3736 satis
627 3687 688 3734 est:
713 3676 756 3736 bis
781 3677 882 3736 audire
904 3678 983 3744 nolo,
1008 3695 1105 3737 senex.

39 3756 127 3831 ‘Nee
142 3754 215 3814 libet
233 3757 354 3832 gloriari
360 3782 369 3823 ς
392 3765 425 3814 tu
446 3764 545 3820 tamen
564 3756 676 3817 salvum
698 3765 727 3812 tc
748 3755 862 3815 tamdiu
881 3758 961 3819 scito,
976 3757 1047 3816 dum
1060 3774 1107 3813 me
1125 3748 1204 3812 121⁰

48 3837 144 3905 Deus
157 3836 221 3911 quis
233 3836 365 3892 servabit.

100 3912 175 3983 CH·¹
189 3914 330 3991 Quisquis
346 3914 511 3991 longiorem
523 3914 589 3970 vitae
606 3921 724 3979 sortem,
738 3913 877 3972 mediocri
896 3913 974 3972 haud
987 3920 1109 3973 conten-

49 4002 122 4057 tus,
146 3994 273 4068 appetit,
292 3993 342 4050 ille
364 3994 473 4050 sinistri
494 4011 556 4050 esse
577 3994 699 4068 ingenii,
721 4006 768 4050 me
787 3989 898 4066 judice,
923 3993 1104 4050 censebitur:

51 4070 300 4153 quandoquidem
312 4071 394 4148 longi
405 4090 481 4147 saepe
495 4072 556 4128 dies
576 4073 671 4127 tristes
691 4089 774 4128 curas
794 4073 912 4147 propius
931 4072 1086 4128 admovent
1096 4095 1105 4142 5
1125 4062 1201 4123 1215

52 4154 130 4217 laeta
142 4167 212 4207 vero
222 4166 283 4223 pon
295 4150 380 4219 facile
392 4150 487 4207 videas
499 4150 544 4206 illi
554 4151 735 4225 contingere,
749 4169 837 4226 quem
855 4151 1039 4208 immodicam
1057 4151 1106 4207 de·
1211 4180 1213 4185 ⁴
1275 4171 1276 4174 ¹
1325 4160 1327 4165 ·

53 4230 179 4307 lapsum
190 4229 223 4285 in
232 4228 434 4304 cupiditatem,
444 4247 482 4287 ne
495 4236 590 4287 morte
601 4229 718 4305 quidem
729 4227 925 4302 impendente,
936 4231 1012 4303 capit
1022 4229 1106 4285 satie·
1124 4223 1204 4291 12‘29

43 4316 121 4383 aas,
154 4307 272 4393 quando
291 4314 425 4373 seuectru
443 4308 595 4387 hymenaei,
618 4309 737 4380 citharas
759 4316 790 4367 et
812 4309 985 4374 clrorcarusn
1005 4322 1107 4384 expers

104 4394 192 4465 ton.
209 4406 253 4465 u.
569 4404 592 4450 r
