2776 4882
489 296 492 301 -
532 250 791 325 ANTIGONE.
1123 254 1184 327 163

149 428 221 487 hum
229 426 478 503 experiem„nulla
486 424 618 507 conjugii
625 430 756 487 sortitam
766 424 895 505 praemia,
905 442 959 485 uec
968 424 1045 484 dulei
1052 428 1180 505 gavisam

149 506 238 571 prote.
258 504 315 565 Sed
327 507 365 566 ab
376 506 475 565 amicis
487 507 609 575 deserta,
622 510 727 565 misera
738 509 779 565 sie
792 507 855 563 viva
865 504 993 564 deducor
1004 507 1036 563 iu
1049 514 1179 565 mortuo·
1196 508 1256 565 92⁰
1332 525 1336 539 ¹

149 580 216 643 firm
232 602 360 661 specum.
398 586 441 642 At
460 602 603 661 quaeunm,
617 587 743 648 olnecro,
761 593 937 661 transgressa
948 584 1078 641 Deorum
1088 580 1177 657 jura?
1262 616 1267 629 ·

149 654 358 745 peramplius
367 663 440 721 mihi
450 665 561 720 miserae
570 666 695 739 prodest,
704 664 837 720 Deorum
846 679 930 737 opem
940 664 1076 737 poscere?
1092 682 1179 740 quem

149 740 260 809 iurabit
281 740 392 798 auxilio
410 743 543 798 vocasse?
574 743 716 819 siquidem
741 738 805 812 jam
834 741 990 815 impietatis
1012 759 1111 815 poenas
1130 744 1178 818 pie

149 817 262 901 egendo
273 828 359 875 nacta
369 836 444 877 sum.
471 820 580 877 Verum
592 822 617 876 si
629 822 690 877 haec
702 820 818 895 quidem
834 818 898 875 Diis
910 818 1080 895 probantur,
1095 839 1178 897 aequo
1194 821 1253 877 925

149 896 246 955 nmmo
257 898 374 955 meritas
386 898 498 954 luamus
515 916 629 973 poenas5
651 899 697 955 sin
709 899 740 955 hi
752 904 987 953 commeruerunt
1003 898 1126 973 culpam,
1140 918 1178 957 ue

149 974 233 1049 plura
242 976 320 1033 mala
331 976 480 1050 patiantur
491 994 603 1051 precor,
617 994 702 1053 quarn
718 976 790 1032 mihi
803 971 910 1045 injuste
924 974 1062 1033 inferunt.

155 1064 160 1071 '
183 1052 254 1112 GH.
272 1054 380 1111 Puellae
390 1050 476 1126 hujus
488 1056 603 1112 animus
614 1054 782 1129 eommdem
794 1053 888 1110 adhuc
900 1060 1052 1111 ventorum
1064 1055 1178 1115 flatibus
1194 1055 1254 1111 980
1301 1066 1304 1071 ·

154 1138 158 1144 '
182 1130 283 1191 'tatur

149 1146 248 1347 :leid
279 1210 465 1287 Quapropter
485 1209 641 1285 plorabunt
665 1210 715 1286 qui
735 1209 815 1266 illam
839 1209 980 1267 abducere
1004 1216 1180 1269 cunctantur

179 1304 227 1345 ω.
246 1299 250 1307 ”
1141 1314 1144 1319 .

156 1366 161 1373 “
182 1364 277 1425 ΔΝΤ.
296 1364 357 1423 Hei
368 1364 457 1423 mihi!
479 1374 604 1424 mortem
616 1366 748 1442 proxime
759 1366 821 1421 haec
833 1381 889 1422 vox
901 1364 1018 1422 accedit.

149 1442 446 1581 &Neutiquam
464 1454 494 1501 te
513 1445 658 1503 confidere
671 1439 763 1516 jubeo
778 1444 851 1509 sore,
868 1452 904 1502 ut
925 1444 1008 1501 irrita
1027 1444 1101 1502 fiant
1116 1446 1180 1505 haee
1195 1450 1253 1506 935

181 1600 277 1659 ANT.
295 1600 325 1657 0
336 1606 421 1659 terrae
436 1600 583 1659 Thebanae
601 1600 671 1659 urbs
693 1606 823 1677 paterna,
839 1598 891 1657 Dii
910 1617 946 1656 ue
959 1599 1113 1677 indigena,
1128 1601 1179 1659 ab·

149 1676 237 1737 ducor
258 1696 339 1755 ergo,
353 1695 407 1737 nec
422 1696 522 1736 moror
542 1680 675 1754 amplius.
713 1678 826 1741 Videte,
839 1620 1006 1737 Thhsmm
1024 1680 1178 1755 principes,
1195 1686 1255 1741 940

149 1758 258 1835 regiam
277 1776 343 1835 quae
363 1758 426 1815 sola
443 1768 574 1833 superest
591 1758 691 1823 filiam,
712 1757 806 1834 qualia
817 1756 947 1833 qualibus
965 1757 1062 1815 aviris
1073 1759 1178 1835 patior,

149 1836 285 1911 pietatem
297 1836 365 1913 quia
376 1836 462 1894 colui.
510 1894 516 1905 ,
871 1850 874 1855 ·

183 1913 251 1971 CH.
272 1914 415 1972 Sustinuit
424 1916 511 1971 etiam
521 1914 622 1970 Danae
630 1913 738 1969 coelesti
749 1912 860 1969 lumine
870 1913 976 1988 privari
984 1915 1016 1972 iu
1025 1932 1101 1972 aereo
1110 1932 1179 1973 con·
1195 1916 1254 1974 945

149 1991 233 2049 ilari:
255 1992 366 2049 inclusa
381 2002 480 2049 autern
496 1994 528 2047 in
547 1992 698 2067 sepulcrali
716 1992 853 2053 thalamo,
867 1993 1041 2049 necessitatis
1061 1993 1180 2052 vinculis

149 2070 282 2129 adstricta
292 2071 357 2128 fuit.
376 2071 478 2146 Atqui,
488 2070 507 2127 a
520 2079 597 2133 nata,
608 2079 686 2136 nata,
694 2086 802 2145 genere
813 2076 875 2125 erat
885 2070 999 2137 nobilis,
1010 2064 1179 2148 gremioque

149 2148 294 2207 recondita
304 2150 434 2219 servabat
445 2149 568 2205 auriflua
578 2148 657 2203 Jovis
668 2148 787 2205 semina.
815 2149 857 2203 At
868 2146 1058 2205 ineluctabilis
1070 2159 1115 2207 est
1126 2150 1180 2207 fati
1197 2151 1257 2207 950

149 2226 185 2283 tis
192 2251 202 2299 3
225 2244 314 2305 quam
326 2246 379 2285 nec
390 2224 493 2294 imber,
507 2244 601 2302 neque
613 2224 703 2292 Mars,
717 2242 776 2281 non
789 2228 886 2290 turris,
900 2241 960 2283 non
972 2226 1122 2285 undisonae
1134 2230 1178 2285 ni-
1196 2228 1254 2285 955

149 2316 206 2396 gre
218 2314 304 2363 naves
316 2304 466 2382 effugiant.
503 2303 688 2361 Necessitatis
699 2303 754 2359 snb
770 2300 878 2379 jugum
890 2303 1022 2361 redactus
1034 2312 1079 2361 est
1089 2307 1178 2367 etiam

149 2391 291 2459 impotens
313 2385 364 2441 irae
388 2384 465 2441 iilius
481 2383 618 2459 Dryantis
640 2399 691 2438 rex
713 2381 861 2448 monum,
879 2399 964 2458 quem
983 2382 1124 2450 Bacchus,
1141 2386 1180 2443 ob

149 2462 384 2521 contumeliosam
405 2461 543 2527 indolem,
567 2477 668 2517 saxoso
689 2461 831 2517 conclusit
851 2462 883 2516 in
904 2478 1034 2518 carcere:
1069 2462 1141 2527 adeo
1162 2482 1182 2521 a

149 2536 251 2613 lurore
263 2538 390 2599 destillat
402 2540 536 2597 terribilis
556 2548 715 2614 vegetoque
734 2538 775 2594 vis
791 2537 902 2613 poenae!
923 2541 1043 2615 agnovit
1061 2540 1179 2598 demum
1195 2540 1255 2594 960

149 2615 205 2685 uls,
217 2638 249 2677 se
261 2619 340 2676 rabie
352 2619 516 2683 incitatum,
529 2619 685 2691 petulantis
696 2617 804 2691 linguae
818 2618 952 2674 conviciis
960 2617 1058 2675 Deum
1067 2620 1179 2685 lmen.

149 2690 302 2755 enimvero
314 2698 448 2754 cohibere
459 2697 551 2752 voluit
568 2695 719 2753 furentum
735 2695 911 2752 feminarum
922 2698 1015 2772 orgia,
1031 2714 1180 2773 sacrasque

149 2770 252 2833 Bacchi
259 2777 445 2852 exstinguere
452 2772 609 2849 lampades,
618 2780 648 2831 et
657 2773 794 2829 tibiarum
803 2783 932 2831 amantes
941 2776 1062 2832 irritavit
1071 2775 1179 2833 Musas.
1195 2772 1253 2829 965

149 2850 235 2913 lnxta
242 2857 357 2929 cyanea
368 2871 483 2930 aequora
489 2853 601 2928 gemini
611 2852 706 2918 maris,
717 2852 890 2909 litterasunt
897 2853 1038 2927 Bosporia
1049 2863 1078 2909 et
1087 2854 1179 2911 Thre-

149 2930 206 2989 tius
218 2931 409 3008 Salmydesus,
422 2932 473 2989 ubi
485 2932 591 2986 vicinas
606 2930 691 2986 urbes
708 2929 807 2986 colens
823 2930 904 2986 Mars
924 2932 1057 3006 geminos
1076 2932 1179 2989 Phinei
1195 2932 1255 2995 979

149 3008 220 3073 filios
231 3028 251 3069 a
262 3011 324 3069 fera
336 3028 459 3069 noverca
470 3008 541 3065 vidit
553 3009 665 3065 lumine
677 3008 792 3065 orbatos
804 3009 956 3067 execrabili
964 3004 1179 3087 vulnere,'quod

149 3085 331 3149 illacrtteutis
338 3088 481 3153 manibus
488 3082 676 3144 muliebribus
685 3087 782 3153 annis,
789 3087 938 3161 pectinum
947 3088 1177 3162 cuspidibususa,
1194 3086 1253 3146 975
1274 3155 1280 3169 ἱ

149 3166 295 3227 oculorum
308 3166 425 3225 orbibus
436 3166 588 3223 infandum
600 3167 631 3221 in
643 3164 763 3221 modum
775 3165 889 3223 inflixit.
917 3166 957 3222 At
969 3168 1067 3222 miseri
1079 3165 1178 3225 dolore

149 3244 322 3303 tabescentes
338 3246 473 3303 miseram
494 3244 595 3300 matris
614 3243 753 3318 lugebant
772 3244 873 3310 vicem,
886 3243 1017 3301 infaustis
1034 3246 1178 3313 ominibus

149 3328 252 3399 nuptie,
265 3324 455 3400 infamtaeque
475 3322 562 3396 prolis
584 3323 720 3396 parentis.
768 3322 867 3378 Genus
879 3321 930 3378 illa
944 3328 1042 3380 tamen
1053 3324 1178 3399 antiquis
1194 3318 1254 3375 930

152 3398 186 3457 ab
197 3402 379 3461 Erechthidis
391 3400 529 3471 ducebat3
551 3402 724 3477 remotisque
736 3399 768 3456 in
781 3401 871 3457 antris
884 3402 995 3458 nutrita
1005 3402 1101 3457 fuerat
1112 3418 1179 3475 pro·

151 3478 231 3539 tellas
246 3482 325 3539 inter
344 3486 486 3554 paternas,
499 3478 602 3535 Boreae
622 3478 690 3543 filia,
703 3495 794 3554 equos
811 3496 898 3535 cursu
917 3485 1090 3555 praevertens
1103 3479 1179 3555 celso
1195 3475 1254 3544 985

152 3570 230 3633 anper
238 3554 325 3635 jugo,
338 3558 470 3617 Deorum
482 3557 651 3633 progenies:
673 3556 751 3613 haud
762 3563 862 3616 tamen
872 3560 964 3614 secius
975 3559 1051 3614 hauc
1065 3574 1179 3641 quoque

152 3630 282 3711 longaevae
295 3638 394 3695 Pareae
405 3642 619 3712 oppresserunt,
631 3635 650 3691 9
663 3641 740 3691 nata.
865 3645 868 3651 '

185 3712 263 3773 TIR.
283 3714 417 3773 Thebani
440 3712 541 3789 populi
561 3730 704 3787 proceres,
725 3713 856 3771 venimus
876 3714 1025 3770 communi
1045 3714 1092 3771 via
1109 3713 1179 3781 duo,

154 3792 230 3851 unlus
242 3794 334 3851 oculis
345 3793 495 3860 videntes3
515 3792 597 3848 caecis
615 3792 694 3847 enim
713 3789 790 3849 haud
807 3792 917 3849 aliaest
933 3792 1043 3851 itineris
1055 3792 1179 3859 faciendi
1196 3791 1255 3849 999

154 3872 227 3937 tatio,
241 3890 330 3948 quam
342 3877 377 3928 ut
389 3866 407 3927 a
420 3869 555 3947 quopiam
566 3868 720 3927 ducautm.

184 3948 245 4007 CR.
267 3949 416 4011 Quidnam
428 3958 481 4014 est,
493 3946 513 4004 b
525 3965 613 4005 senex
624 3947 745 4014 Tiresia,
758 3947 845 4005 novi?

182 4026 263 4085 Tlll.
282 4026 429 4103 Equidem
441 4025 550 4082 docebo
557 4049 567 4097 3
589 4033 623 4081 tu
635 4042 704 4082 vero
715 4026 773 4084 vati
785 4026 950 4103 obsequere.

177 4104 246 4173 CR.
266 4104 356 4163 Haud
368 4104 485 4183 quidem
497 4110 585 4161 antea
596 4122 614 4161 a
625 4104 743 4162 monitis
755 4105 813 4161 tuis
824 4104 947 4166 discessi.

180 4182 266 4241 'me
284 4182 398 4240 Idcirco
410 4182 535 4240 feliciter
547 4182 622 4239 hanc
636 4183 740 4239 urbem
752 4183 860 4239 rexisti.

179 4260 246 4337 cll.
266 4260 382 4321 Testari
393 4276 512 4339 possum
521 4257 1052 4332 meinmultisatejuvatumlulsse,
1196 4266 1253 4327 995

632 4331 694 4411 ti
