2776 4882
253 284 264 297 ,
305 236 367 307 aa
404 210 406 215 ’
582 228 773 301 <notros
792 233 1060 305 coronans.

206 413 282 473 1495
301 408 334 466 in
344 406 444 465 littore
457 404 581 483 positam
594 408 740 471 marinum
753 407 851 469 115515
871 410 1047 486 Neptunum
1059 408 1163 486 pluens,
1175 407 1251 469 veni.
1291 408 1348 483 llle

301 488 381 545 enim
394 486 497 562 hospes
511 486 574 550 tibi,
587 488 754 564 civitatique
774 498 804 545 et
822 490 922 548 amicis
935 490 1056 565 dignam
1068 491 1150 566 cupit
1160 486 1288 567 gratiam
1299 507 1347 549 re·

300 565 427 641 pendere
448 583 503 642 pro
522 567 646 643 nooeptis
668 566 824 626 beneficiis.
863 569 1002 643 Propera,
1021 570 1112 626 citato
1130 586 1218 628 orusn
1237 566 1349 637 venio

237 698 241 703 .
301 661 362 701 rex.
452 665 456 677 ¹
1029 668 1035 674 ·
1355 700 1359 705 .

201 722 284 784 tsoo
339 720 407 781 ΤΗ.
435 722 511 784 Quis
532 723 640 781 iterum
662 742 681 781 a
699 723 779 782 vobis
795 725 958 783 communis
975 730 1097 782 resonat
1109 726 1230 793 emmor,
1250 726 1349 785 clarus
1376 727 1381 737 '

300 801 571 879 quidemvestntlm,
585 804 755 861 manitestns
766 810 798 860 et
810 804 950 878 hospitis?
966 803 1120 880 Numquid
1129 804 1209 862 Jorie
1221 805 1348 873 fulmen,

299 887 352 938 aut
371 887 459 955 rupto
483 880 582 938 nimbo
604 883 794 957 praecipitavit
814 878 1035 959 grandol'Deo
1047 883 1126 941 enim
1139 890 1348 961 tempestates

299 961 404 1024 ciente,
418 960 517 1016 omnia
529 956 695 1032 hujusmodi
709 961 901 1035 exspectanda
913 961 990 1018 sunt.

204 1045 282 1107 1⁵05
298 1038 434 1176 daOllD.
455 1038 482 1094 O
496 1055 556 1106 rex,
570 1049 685 1115 optatus
701 1041 818 1101 advenis
824 1061 833 1111 ς
858 1048 889 1096 et
902 1040 954 1097 tibi
970 1040 1102 1098 Deorum
1121 1040 1224 1117 aliquis
1236 1058 1343 1111 recun-

338 1117 379 1175 vit
390 1117 446 1175 hoc
459 1118 523 1175 iter.
702 1120 705 1125 '
1282 1150 1288 1163 ·

336 1195 405 1255 ΤΗ.
424 1195 504 1257 Ouid
516 1213 594 1263 vero,
608 1195 627 1254 5
640 1205 707 1254 nate
720 1196 796 1263 Iaii,
810 1215 908 1257 rursus
920 1203 1056 1255 exortum
1070 1196 1156 1263 novi?

339 1273 434 1332 OBD.
455 1275 526 1332 Vita
539 1276 611 1333 mihi
621 1275 776 1333 adexitum
786 1276 908 1334 inclinat
915 1301 924 1345 3
940 1283 971 1333 et
981 1284 1138 1351 antequam
1145 1273 1264 1343 moriar,
1276 1292 1349 1355 ppo·

297 1353 453 1412 missorum
466 1354 520 1411 tibi
532 1355 657 1432 huicque
669 1356 778 1412 civitati
791 1355 879 1413 fidem
891 1355 1015 1412 liberare
1027 1356 1102 1413 volu.
1327 1382 1333 1399 x

167 1472 169 1476 ·
204 1441 283 1499 1510
336 1431 404 1490 ΤΗ.
425 1432 581 1491 Undenam
594 1435 721 1508 proximi
735 1435 870 1493 interitus
882 1435 960 1508 capis
973 1434 1167 1511 praesaginm?

336 1510 432 1569 OED.
452 1511 512 1588 Ipsi
524 1511 597 1570 mihi
609 1512 786 1571 denuntiant
797 1513 863 1576 Dei,
881 1529 1032 1590 nunquam
1050 1511 1219 1573 fallentibus
1237 1528 1345 1591 propo·

296 1590 359 1651 sitis
372 1591 394 1647 s'
419 1591 471 1648 nis.
1322 1632 1327 1638 -

335 1608 417 1727 ΤΗΙ.8
423 1669 581 1731 Quomodo
593 1669 645 1735 ais,
658 1669 677 1729 ὂ
690 1686 787 1732 senex,
801 1670 856 1726 hoc
870 1668 924 1726 tibi
936 1671 1062 1746 aperiri?

203 1754 280 1813 1515
335 1746 430 1807 OED.
450 1748 558 1807 Audita
578 1749 684 1824 saepius
703 1749 845 1806 condona
862 1749 1003 1815 tonitura,
1012 1748 1176 1828 ‘crebraque
1194 1765 1243 1807 me
1262 1764 1344 1808 cotn-

296 1834 421 1889 monent
433 1828 540 1884 invicta
553 1845 643 1885 manu
655 1835 791 1885 contorta
802 1828 873 1891 tela,

335 1904 403 1963 ΤΗ.
424 1905 526 1963 Fidem
552 1907 626 1965 mihi
650 1906 738 1963 facis:
762 1925 832 1963 nam
856 1905 951 1963 multa
975 1915 1006 1963 te
1030 1905 1179 1965 vaticinari
1198 1905 1366 1984 intelligas

296 1983 1332 2143 “rismf‘ttd'rttrrigttdtd,tt‘n„aa„

426 2107 432 2120 ·
643 2103 653 2130 a
862 2103 869 2126 2
1331 2095 1347 2131 9

203 2149 281 2205 1520
296 2147 447 2200 senescent
460 2160 529 2202 aevo.
569 2141 614 2201 Ad
627 2143 727 2202 locum
740 2144 820 2201 enim
833 2144 896 2217 ipse
908 2159 978 2201 mox
990 2142 1110 2218 praeibo,
1123 2142 1241 2201 nemine
1253 2158 1347 2203 manu

296 2221 433 2299 ducente,
454 2221 506 2281 nbi
524 2230 701 2297 meoportet
718 2222 802 2280 mori.
841 2221 920 2279 Eum
941 2230 1041 2290 autern
1061 2220 1157 2279 indica
1174 2221 1346 2281 mortalium

296 2301 417 2367 nemini,
432 2300 550 2358 necubi
568 2300 650 2368 latet,
672 2319 727 2358 nec
749 2301 781 2358 in
800 2302 946 2377 quesitus
965 2307 1009 2358 est
1027 2301 1166 2376 regione3
1188 2306 1224 2356 ut
1244 2299 1268 2357 is
1288 2300 1347 2371 1151

138 2446 143 2459 l
203 2388 279 2445 1525
295 2379 458 2438 multorum
471 2380 532 2436 vice
545 2381 723 2454 clypeorum,
736 2388 982 2456 externarumque
1000 2378 1127 2437 subsidio
1139 2379 1346 2438 arcessituram

225 2462 250 2486 ‘·
271 2510 275 2515 .
295 2458 435 2522 militum,
447 2469 551 2517 contra
573 2460 680 2516 ricinos
699 2460 738 2515 sit
756 2458 1032 2533 semperpraesidio.
1071 2458 1145 2519 Qnae
1157 2474 1226 2515 vero
1238 2475 1346 2517 arana

293 2545 375 2605 sunt,
391 2555 445 2596 nee
462 2538 557 2613 palam
576 2536 759 2612 proferenda,
781 2537 859 2594 solu‘s
880 2544 915 2594 tu
930 2537 1031 2605 disces,
1054 2537 1105 2594 nbi
1124 2535 1194 2594 illue
1216 2538 1341 2595 venais

294 2616 374 2675 Nam
392 2634 487 2694 neque
499 2617 605 2677 nivium
618 2616 725 2674 horum
739 2615 794 2673 ulli
810 2617 921 2682 dixero,
935 2633 1032 2693 neque
1053 2612 1173 2679 filiabus
1185 2615 1269 2683 meis,
1288 2614 1345 2675 etsi

200 2702 279 2763 11130
294 2711 343 2753 ms
354 2695 456 2772 diligo.
495 2694 553 2753 Sed
573 2701 607 2753 tu
627 2695 705 2753 solus
723 2712 759 2752 en
776 2693 926 2753 recondita
937 2714 1028 2763 serva,
1042 2712 1189 2772 qnmnque
1200 2693 1238 2752 ad
1250 2695 1345 2767 finem

283 2774 360 2849 ,pita
372 2774 547 2849 perveneris,
557 2773 601 2831 illi
613 2780 729 2832 tanturn
737 2774 829 2850 aperi,
842 2775 892 2850 qui
905 2791 1027 2833 summae
1038 2774 1156 2850 imperii
1164 2771 1345 2849 praefuturus

265 2894 269 2902 .
293 2853 348 2923 sit3
371 2852 421 2911 ille
434 2868 502 2911 vero
513 2852 658 2928 deinceps,
671 2854 1085 2989 continenterlqueomnesqni
1095 2853 1342 2929 regnaturisnnt,

314 2932 415 3009 uisque
437 2933 501 2993 suo'
512 2932 669 2991 successori
690 2930 807 2991 indicet.
877 2943 890 2990 t
910 2933 952 2990 sie
974 2933 1078 2991 urbem
1100 2933 1176 2999 hanc
1196 2931 1344 2991 habitabit
1381 2936 1384 2943 '

198 3018 277 3082 1⁵³⁵
293 2948 440 3069 l'hebanis
465 3011 731 3088 inexpugnabilem.
780 3011 895 3088 Quippe
920 3012 1050 3070 civitates
1076 3008 1250 3078 innumerae,
1272 3010 1345 3081 lieet

293 3088 370 3149 nene
382 3090 532 3158 instituta,
545 3090 630 3151 facile
642 3109 679 3149 eo
690 3090 848 3157 declinant,
861 3097 896 3148 ut
907 3091 972 3149 aliis
984 3087 1109 3165 injurias
1121 3090 1258 3151 inferant.
1290 3086 1346 3151 Dii

293 3169 374 3239 euim
386 3178 470 3227 acute
484 3168 610 3246 quidem,
630 3179 661 3227 at
680 3170 762 3229 tarde
775 3171 938 3238 intuentur,
953 3189 1044 3247 quum
1058 3171 1122 3246 quis
1134 3178 1233 3246 spreta
1245 3170 1347 3241 nurni-

293 3249 339 3306 nis
358 3249 500 3326 religione
516 3249 553 3305 ad
565 3249 695 3312 furorem
709 3251 832 3307 vertitur
839 3273 850 3320 3
869 3248 950 3326 quod
969 3268 1008 3308 ue
1031 3249 1083 3307 tibi
1101 3248 1257 3315 amittent}
1274 3255 1346 3307 nate

198 3336 278 3403 1540
292 3325 393 3407 AEgei,
405 3346 474 3389 tare
485 3327 597 3387 sedulo
637 3328 694 3386 Sed
707 3327 777 3406 quid
791 3345 849 3404 ego
868 3329 931 3386 haec
948 3329 1088 3393 scientem
1103 3328 1261 3389 edoceam
1283 3328 1345 3394 Lo·

292 3424 361 3464 curn
374 3426 452 3474 vero,
465 3414 552 3484 urget
568 3407 648 3464 enim
660 3425 708 3464 me
728 3423 856 3482 praeseos
875 3425 894 3463 a
914 3406 981 3464 Deo
993 3407 1099 3474 fatum,
1114 3408 1254 3466 5115551115
1266 3405 1345 3482 jam,

292 3487 758 3625 efflet
779 3565 1335 3642 ,a

751 3604 762 3631 ³
1133 3599 1137 3605 '
1244 3624 1248 3629 .
1338 3611 1345 3626 ι

200 3650 276 3714 154⁵
293 3642 495 3719 ingredimini,
505 3651 540 3703 51
552 3659 590 3702 ne
602 3663 650 3702 me
662 3644 810 3720 attingite,
819 3643 874 3700 sed
884 3643 973 3703 sinite
985 3643 1080 3703 solum
1093 3662 1142 3705 me
1154 3646 1287 3705 iuvenire
1297 3664 1346 3711 m·

261 3754 269 3771 κ
292 3739 376 3780 crum
388 3724 545 3788 mmulum,
558 3720 610 3785 ubi
621 3723 708 3781 fatale
724 3730 770 3779 est
782 3740 830 3779 me
842 3723 897 3781 hnc
910 3729 990 3781 terra
1000 3722 1105 3800 condi,
1137 3723 1203 3788 Hac
1214 3726 1361 3801 pergite·

293 3801 347 3858 hac
360 3802 497 3891 inquam:
518 3804 572 3860 hac
585 3802 666 3860 enim
678 3820 725 3858 me
739 3800 820 3860 ducit
831 3800 997 3863 Mercurius
1009 3804 1175 3861 animarum
1188 3802 1345 3875 deductor,
1361 3853 1370 3867 .

292 3880 451 3941 etaiuferua
462 3881 534 3939 Dea.
555 3881 654 3944 olax,
667 3877 753 3953 cujus
765 3879 920 3955 splendore
932 3898 1027 3945 careo,
1042 3883 1116 3941 saint
1127 3883 1243 3960 quidem
1252 3880 1358 3945 antea

200 3965 277 4022 1550
293 3969 323 4014 te
335 3959 394 4017 uui
406 3959 503 4018 licuit:
526 3967 556 4017 at
569 3977 648 4016 nttnc
660 3959 797 4026 ultimum
810 3966 840 4017 te
851 3960 999 4037 contingit
1010 3977 1117 4036 corpus
1130 3978 1241 4027 menna
1273 3961 1347 4035 dent

292 4039 372 4095 enim
385 4038 457 4095 abeo
470 4056 638 4113 supremum
650 4039 717 4097 vita
729 4038 809 4102 diem
819 4038 992 4098 nonditnrus
1004 4040 1085 4115 apud
1097 4031 1219 4103 Oleum.
1257 4040 1347 4108 Aac

126 4182 129 4189 ,
290 4117 444 4175 mrissime·
457 4118 615 4192 hospitum,
634 4119 752 4194 ipseque
773 4124 806 4174 et
825 4117 889 4175 haeo
908 4129 996 4195 terre,
1015 4125 1274 4196 tuoqnepnrentes
1287 4121 1348 4179 im·

119 4191 127 4203 '
196 4200 273 4277 1555
289 4193 383 4274 perio,
394 4195 537 4279 fortunati
550 4196 621 4260 sitis,
635 4204 665 4254 et
682 4197 714 4254 in
736 4190 822 4255 rebus
842 4199 988 4281 prosperis
1006 4204 1102 4264 estote
1116 4215 1263 4272 memores
1282 4194 1347 4271 mai
1380 4199 1384 4207 '

238 4342 247 4367 ,
288 4275 410 4351 merui,
422 4269 862 4367 515155515155595515
915 4324 927 4342 ,
1021 4358 1025 4363 ,
1238 4324 1241 4329 -
