2776 4882
291 293 360 354 210
747 278 885 349 AJAX.

333 457 436 519 MEN.
459 456 618 517 Jnstumne
630 472 703 535 ergo
714 473 824 525 censes,
837 456 914 517 bene
925 473 993 517 curn
1006 455 1063 515 hoc
1080 454 1141 532 agi,
1163 451 1214 533 qui
1232 470 1285 513 me
1296 466 1349 519 ees

293 539 385 597 cidit?

332 617 452 676 TEUC.
465 616 528 674 Hui
536 614 657 675 occidit!
673 613 727 685 l'ol
734 615 843 672 mirum
850 632 960 682 narras,
968 615 993 672 si
999 615 1117 693 quidem
1124 612 1194 672 vivis
1200 618 1346 671 mutuus.

332 696 435 773 Mun.
455 696 536 753 Deus
548 695 630 753 enim
642 713 689 753 me
701 695 842 753 servavitz
864 701 1008 770 quantum
1020 695 1052 751 in
1065 695 1121 751 isto
1132 697 1207 765 erat,
1219 691 1307 769 perii.

331 775 451 834 TEUC.
471 775 520 833 Ne
532 776 625 851 igitur
638 774 727 831 violes
739 773 827 837 Deos,
841 791 860 829 a
871 772 936 830 Diis
948 781 1086 832 servatus.

203 860 281 915 1130
333 853 367 912 M
372 854 437 912 EN.
458 853 564 930 ligone
577 861 707 911 temnam
719 853 852 911 Deorum
865 852 964 928 leges?

315 936 321 955 ‘
333 933 452 992 TEUC.
470 933 529 1005 Ita,
543 932 568 989 si
579 940 712 990 mortuos
724 932 871 989 tumulare
883 949 944 989 non
956 932 1043 990 sinae.

333 1012 436 1071 ΜΕΝ.
457 1010 565 1069 Hostes
573 1012 719 1070 nimirum
731 1013 793 1087 ipse
805 1028 886 1069 meos
895 1027 957 1068 non
966 1012 1040 1069 sino.
1061 1006 1152 1069 Haud
1160 1008 1241 1068 enim
1249 1004 1348 1077 timete

333 1091 451 1151 TEUC.
473 1090 523 1149 Eu
535 1108 607 1167 ergo
618 1108 751 1166 unquam
764 1090 819 1147 tibi
829 1086 905 1163 Ajax
917 1089 1009 1147 hostis
1020 1089 1153 1148 obstitit?

334 1170 437 1229 ΜΕΝ.
457 1171 582 1229 Osorem
594 1169 731 1227 oderam:
752 1168 996 1248 tequeadeohoc
1008 1186 1069 1228 non
1080 1167 1177 1227 latuit.
1339 1206 1345 1217 ·

203 1253 280 1312 11³⁵
333 1248 451 1309 TEUC.
471 1248 587 1325 Quippe
600 1245 684 1321 cujus
696 1249 799 1307 doloso
811 1247 979 1323 fraudatum
991 1266 1023 1306 se
1034 1247 1126 1305 sensit
1136 1244 1288 1323 suffragio,
1332 1267 1335 1271 ·

334 1329 441 1387 ΜΕΝ·
459 1328 608 1395 Judicum,
621 1345 683 1386 non
696 1327 726 1395 id
739 1329 826 1403 culpa
838 1327 948 1387 factum
962 1336 1005 1385 est
1018 1345 1094 1397 mea.

334 1408 451 1467 TEUC.
470 1407 570 1465 Multo
582 1407 659 1466 male
672 1414 706 1464 tu
718 1408 821 1466 firrtim
833 1407 976 1477 conficere
988 1407 1079 1483 poesis
1090 1406 1178 1477 mala.

334 1486 449 1547 Mum·
460 1486 534 1563 Hrec
546 1486 625 1544 dieta
636 1486 722 1544 alicui
734 1485 843 1544 cedunt
854 1485 959 1545 dolori.

334 1565 452 1633 TEUC.
471 1565 543 1623 Non
555 1573 650 1633 tanto,
662 1578 697 1622 ut
710 1565 834 1633 videtur,
848 1572 992 1642 quantum
1004 1584 1023 1623 a
1035 1582 1084 1623 me
1095 1562 1213 1621 senties.
1230 1592 1234 1599 .
1341 1614 1345 1622 .

205 1645 283 1706 1140
335 1645 438 1703 ΜΕΝ.
458 1645 561 1705 Unum
575 1644 629 1702 tibi
641 1645 771 1703 edicame
793 1645 841 1702 hic
854 1646 898 1715 vir
910 1661 971 1702 non
983 1643 1187 1715 tumulabitur.

335 1724 454 1784 TEUC.
476 1723 579 1781 Unum
593 1730 627 1781 tu
638 1724 764 1783 vicissim
775 1722 845 1781 audi
856 1748 864 1779 2
885 1720 1088 1791 tumulabitur.
1340 1784 1343 1791 Δ

266 1836 270 1842 ·
335 1801 438 1861 ΜΕΝ.
458 1803 526 1860 Jem
539 1802 675 1879 equidem
686 1810 773 1861 antea
784 1802 936 1861 hominem
948 1801 1007 1859 ridi
1018 1803 1123 1878 lingue
1133 1797 1286 1864 audacem,
1295 1794 1353 1874 qui
1369 1844 1373 1853 .

297 1883 471 1949 imminente
484 1881 582 1940 hieme
594 1888 698 1939 nautas
709 1881 854 1951 excitabat
865 1891 899 1939 ut
911 1875 1186 1958 navigarent,cujus
1196 1894 1235 1947 ne
1244 1892 1352 1935 vocem

205 1968 283 2023 1145
298 1960 417 2037 quidem
429 1961 565 2027 audisses,
576 1978 669 2039 quum
683 1968 855 2037 tempestate
866 1960 997 2037 undique
1009 1960 1184 2031 obrueretur
1190 1980 1209 2027 3·
1220 1955 1274 2027 sed
1284 1954 1352 2031 pal·

297 2040 340 2098 lio
351 2040 500 2099 involutus
511 2038 682 2098 calcandum
700 2039 780 2099 ultro
798 2057 831 2097 se
848 2039 938 2099 dabat
949 2039 1126 2116 quibuslibet
1144 2035 1260 2095 navitis.
1298 2022 1352 2095 tte

298 2118 417 2197 quidem
435 2126 465 2177 et
486 2127 516 2175 te
536 2127 566 2175 et
589 2120 634 2176 tui
654 2119 813 2195 petulantis
832 2120 890 2176 oris
909 2119 1043 2176 odiosum
1055 2117 1214 2175 clamoren
1227 2130 1352 2191 penne

297 2198 443 2257 nubecula
454 2199 559 2275 ingens
571 2216 727 2272 erumpens
740 2205 899 2273 tempestas
910 2198 1033 2255 forsitan
1045 2195 1221 2267 restiurerit.

205 2285 284 2340 1150
337 2277 455 2337 TEUC.
475 2278 543 2354 Ego
555 2294 624 2337 vero
640 2277 792 2336 hominem
804 2276 864 2334 vidi
874 2277 999 2355 stadtitia
1011 2278 1143 2351 plenum,
1156 2271 1352 2351 qui-eliorum

299 2356 458 2415 insultabat
470 2358 562 2415 mulis.
601 2355 681 2414 Dein
689 2378 692 2385 ¹
700 2357 797 2433 ipsum
815 2357 940 2415 intuitus
952 2356 1073 2432 quidam
1083 2353 1186 2413 similis
1198 2352 1269 2419 nei,
1282 2366 1352 2409 mo·

299 2454 402 2515 resque
413 2437 543 2496 referens
555 2453 644 2499 meos,
658 2436 805 2513 increpuit
816 2431 895 2493 hisee
908 2435 1024 2493 vocibus
1035 2455 1042 2489 :
1064 2433 1111 2491 Mi
1124 2433 1215 2499 bomo,
1226 2434 1261 2489 iu
1271 2446 1352 2489 mor-

206 2522 281 2579 1155
301 2523 362 2573 tuos
373 2534 408 2573 ne
419 2519 457 2574 sis
476 2514 615 2588 injurium
635 2517 661 2571 si
673 2517 747 2572 enim
759 2517 799 2571 eis
812 2514 1004 2592 malefeceris,
1017 2517 1093 2572 malo
1109 2515 1180 2588 ipre,
1191 2511 1273 2581 11110,
1285 2527 1352 2583 mu·

300 2596 425 2653 11111111.
465 2594 512 2652 Sic
524 2593 664 2652 stolidum
684 2594 769 2652 illum
788 2594 927 2653 monebat
946 2594 1022 2651 alter
1034 2593 1086 2671 qui
1104 2591 1215 2665 aderat.
1254 2586 1353 2666 Atqui

299 2674 384 2733 illum
396 2671 490 2738 video,
503 2680 613 2750 estque,
627 2672 660 2731 ni
678 2672 774 2741 fallor,
794 2690 884 2743 nemo
903 2672 979 2737 alim
990 2691 1080 2753 quam
1099 2677 1135 2729 tu
1152 2672 1224 2747 ipse.
1264 2666 1351 2741 lirun

298 2753 421 2810 olscure
433 2753 549 2811 locutus
562 2771 629 2810 sum
641 2753 651 2807 ?

206 2840 284 2896 1160
337 2830 440 2890 ΜΕΝ.
460 2832 562 2890 Abeoz
584 2848 653 2888 nam
678 2828 852 2908 probrosum
874 2830 977 2891 auditu
996 2831 1097 2902 fuerit,
1119 2829 1233 2909 siquis
1252 2824 1351 2899 verbis

298 2910 422 2976 rixetur,
436 2912 529 2989 quivi
535 2917 675 2971 coercere
688 2912 788 2988 possit.

337 2990 455 3048 TEUC.
474 2991 578 3068 Apage
591 2997 621 3047 te
634 3007 723 3067 ergo:
745 3008 816 3049 nam
828 2996 858 3049 et
870 2991 945 3049 mihi
958 2987 1098 3065 probrum
1114 2987 1281 3059 marimum
1292 2989 1350 3053 est,

298 3069 400 3129 audire
412 3071 565 3128 homiuem
578 3087 722 3146 nugacem
733 3071 833 3131 inania
844 3069 1028 3129 effutientem
1040 3068 1138 3139 verba
1218 3112 1221 3119 .

339 3149 405 3209 CH.
425 3147 538 3230 Magne
561 3150 751 3223 contentione
772 3148 975 3211 committetm·
998 3154 1150 3205 certamen
1177 3143 1350 3223 quodpiam.

206 3235 284 3293 1161
299 3227 409 3287 Verum
429 3235 572 3306 quantum
592 3240 684 3305 potes,
699 3228 822 3297 Teucer,
842 3245 1012 3306 properans,
1031 3244 1132 3285 cavam
1149 3224 1263 3291 fossam
1278 3223 1350 3295 huie

299 3308 427 3383 reperire
445 3308 561 3374 festina,
584 3307 636 3365 ubi
657 3308 739 3384 putri
758 3308 895 3369 conditus
913 3309 1015 3371 humo,
1038 3304 1211 3365 monnulus
1232 3317 1352 3383 semper

298 3386 489 3446 memorabile
501 3386 667 3462 sepulcrum
680 3386 821 3446 obtinent.
954 3392 957 3397 ’
1309 3386 1313 3393 “
1346 3432 1350 3439 .

338 3465 457 3525 TEUC.
476 3466 568 3544 Atqui
581 3467 643 3541 ipso
656 3467 688 3523 iu
706 3473 841 3542 tempore
861 3471 968 3542 praeto
988 3463 1096 3535 adsunt
1114 3463 1174 3529 isti,
1186 3456 1280 3543 huius
1295 3460 1351 3521 viri

204 3546 285 3618 1170
300 3543 377 3604 filius
389 3553 419 3602 et
431 3563 517 3616 uxor,
530 3545 621 3603 funus
633 3544 756 3611 infelicis
768 3545 881 3605 mortui
892 3543 1131 3615 concelebratmi.
1150 3541 1179 3599 0
1191 3556 1277 3617 puer,
1288 3540 1352 3601 leuc
1381 3592 1385 3597 .

299 3624 412 3692 accede,
425 3633 457 3683 et
468 3625 589 3684 adstans
597 3641 699 3701 prope,
707 3626 876 3702 suppliciter
888 3634 978 3701 tange
987 3631 1112 3700 panem,
1120 3621 1210 3700 quite
1221 3618 1350 3698 'genuits

299 3703 397 3761 adside
410 3705 494 3762 illum
507 3704 641 3771 obruens,
649 3711 809 3783 tenensque
822 3704 997 3765 inmanibus
1008 3720 1107 3761 comus
1119 3704 1250 3769 meamet
1258 3695 1353 3773 11111111

208 3792 284 3854 1175
300 3790 331 3839 et
344 3789 408 3840 tuns
420 3784 511 3850 tertii,
523 3783 658 3860 supplicii
679 3784 860 3843 thesaurum.
899 3783 931 3843 Si
950 3783 1016 3860 quis
1028 3799 1097 3841 vero
1108 3799 1146 3849 err
1166 3776 1352 3849 “cisitu-vi

300 3870 330 3918 te
346 3861 518 3921 abstraxerit
530 3862 567 3919 ab
579 3863 635 3920 hoc
651 3861 768 3930 maere,
781 3865 843 3938 ipse
862 3862 1027 3938 insepultus
1049 3857 1274 3937 patrinexeidnt
1286 3874 1355 3937 Q

184 3951 186 3954 ·
299 3941 345 3998 lus
356 3939 444 4006 nrale,
457 3958 624 4018 genereque
645 3949 709 3999 toto
721 3940 887 4003 demetetur
902 3940 1050 4008 radicitus,
1062 3949 1099 4001 ut
1110 3940 1189 3999 huuc
1201 3954 1354 4015 egum·

208 4028 286 4086 1190
299 4036 366 4077 seco
376 4019 523 4094 capillum.
536 4018 618 4078 Tene
624 4020 720 4089 illum,
728 4038 814 4099 puer,
825 4028 857 4079 et
869 4036 965 4092 servm
977 4038 1073 4097 neque
1083 4027 1113 4077 te
1122 4024 1260 4084 amerelli
1272 4016 1354 4095 ‘1⁰52

299 4099 350 4157 sed
367 4098 590 4175 accidenepatri
601 4099 720 4159 inhaere.
758 4100 876 4179 Vosque
895 4116 933 4159 ne
953 4095 1090 4162 mulieres
1109 4098 1180 4157 iacti
1200 4110 1259 4173 pro
1280 4094 1358 4159 vluit

300 4195 392 4254 prope
413 4178 546 4245 assistite,
557 4177 616 4261 sed
635 4178 830 4255 opitulamini,
850 4178 944 4239 donec
960 4196 1019 4257 ego
1040 4176 1164 4245 rediero,
1180 4175 1363 4253 sepulerum

299 4258 368 4318 huic
378 4264 532 4337 postquam
544 4274 694 4325 curavero,
707 4258 865 4319 etianniid
877 4275 966 4318 nemo
973 4259 1059 4319 sinet.
1153 4302 1156 4306 Δ
1220 4268 1223 4273 “

206 4347 283 4404 liet
338 4335 405 4397 CH.
425 4332 509 4417 Ergo
521 4338 585 4418 quis
596 4339 654 4399 erit
665 4338 790 4410 ultimus
798 4340 816 4403 1,
831 4337 950 4420 quaudo
970 4330 1368 4417 nudennolilinudcsi-
