2776 4882
298 274 363 347 lsi)
576 263 769 341 OEDIPUS
793 266 1054 343 COLONEUS.

298 467 370 518 nem
388 464 503 523 semper
524 452 555 505 et
574 447 751 513 mendicum,
770 448 905 521 victuque
925 453 1063 523 egentem
1079 445 1167 505 unica
1184 446 1346 527 nocturni

300 527 435 585 ministra
442 549 451 597 5
474 526 602 602 quamsi
620 526 709 583 miser
727 526 799 599 ego!
822 543 973 600 nunquam
985 527 1121 599 opinatus
1132 544 1225 585 essem
1235 529 1268 585 in
1280 536 1346 601 tam

300 605 453 682 indignam
464 603 630 681 foedamque
646 612 755 660 sortem
774 600 920 676 dejectum
939 604 987 669 iri,
1000 621 1059 678 qno
1072 621 1152 667 nune
1164 602 1276 677 dejecta
1288 616 1345 673 est,

226 679 288 758 1ᾅο
302 683 373 747 dum
387 690 416 739 te
428 690 571 758 tuumque
583 691 672 757 caput
683 698 798 755 semper
815 692 897 739 curat
917 682 1081 739 mendicato
1093 682 1169 748 cibo,
1182 692 1244 743 tam
1254 702 1347 761 maus·

301 761 355 825 dis,
369 762 542 836 nuptiarum
556 778 670 836 expers,
682 769 713 818 et
729 755 884 831 cujuslibet
902 762 1034 833 exposita
1054 764 1246 819 contumeliis.
1285 762 1347 823 Fre,-

303 840 373 919 quid
392 840 588 903 miserandum
610 839 758 914 probrum,
773 838 792 895 ὁ
809 857 856 897 me
875 838 1037 896 infelicem!
1059 841 1092 897 in
1104 846 1133 896 te
1145 838 1268 913 conjeci,
1280 860 1346 899 me-

228 926 286 989 755
302 937 369 996 que,
392 927 424 975 et
450 928 546 975 totum
570 919 683 994 genus?
708 916 829 982 Verum,
851 916 930 975 haud
955 918 1034 975 enim
1058 919 1132 975 mihi
1155 919 1253 985 dntur,
1277 932 1347 997 qum
1373 924 1378 933 '

302 996 456 1055 manifesta
475 1004 554 1061 sunt,
575 996 676 1057 celare,
700 1012 764 1070 age,
786 1012 839 1070 per
861 1013 918 1071 ego
937 1003 967 1052 te
988 995 1067 1057 Deos
1084 999 1191 1072 patrios
1203 998 1346 1067 obtestor,

225 1114 228 1119 -
265 1130 268 1137 ,
302 1075 421 1151 OEdipe,
440 1094 475 1132 ea
488 1083 522 1131 tu
534 1074 687 1139 absconde,
703 1081 807 1148 sponte
824 1082 875 1130 tua
887 1073 989 1131 urbem
1002 1074 1180 1151 domumque
1191 1083 1347 1151 paternam

302 1164 453 1229 repetens3
476 1162 507 1210 et
519 1154 587 1210 huic
599 1151 666 1210 urbi
683 1162 816 1209 amanter
828 1152 995 1209 valedicitoe
1017 1156 1175 1227 promerita
1187 1162 1231 1211 est
1245 1156 1344 1215 enims

226 1242 290 1303 560
302 1243 334 1289 at
346 1234 439 1307 patria
450 1233 556 1291 merito
568 1232 633 1306 plus
645 1231 768 1297 colatur,
781 1249 846 1308 quae
860 1240 888 1287 te
901 1231 976 1287 aluit
989 1232 1067 1289 olim.

321 1310 436 1369 'OED.
456 1311 483 1369 0
505 1310 543 1367 ad
561 1310 661 1367 omnia
672 1309 776 1376 audax,
794 1318 824 1365 et
845 1328 862 1365 e
880 1310 1008 1386 quolibet
1026 1306 1107 1382 justo
1126 1327 1259 1371 sermone
1280 1330 1348 1373 mas

304 1389 403 1447 obinas
427 1390 591 1465 producens
615 1387 758 1454 subdolas,
784 1389 854 1464 quid
878 1388 956 1455 hisoe
985 1407 1033 1445 me
1058 1398 1162 1452 tentas,
1188 1390 1348 1468 denuoque

229 1475 288 1536 765
304 1486 472 1543 capere-me
494 1467 546 1535 vis,
567 1467 669 1543 quibus
690 1467 816 1523 maxime
839 1466 969 1525 dolerem
994 1470 1112 1541 captus?
1134 1470 1212 1527 Ante
1232 1471 1346 1533 etenim

229 1564 231 1568 ·
303 1547 377 1604 mihi
389 1548 472 1605 malis
484 1546 647 1603 domesticis
658 1544 814 1612 laboranti,
835 1562 926 1622 quum
939 1544 1044 1620 volupe
1056 1555 1130 1602 esset
1142 1548 1215 1609 mihi
1227 1548 1258 1611 in
1269 1550 1349 1615 exui,-

303 1625 379 1683 lium
401 1621 477 1696 ejici,
500 1624 619 1691 noluisti
634 1623 744 1679 volenti
768 1623 900 1679 conferre
919 1623 994 1681 hanc
1017 1626 1159 1700 gratiam
1180 1632 1212 1689 at
1228 1626 1281 1683 ubi
1299 1624 1347 1685 ir'e

304 1710 486 1767 exsaturatus
505 1701 609 1790 quievi,
628 1702 775 1779 vitamque
796 1702 877 1759 dorni
896 1720 983 1778 ogere
1004 1703 1089 1760 duloe
1107 1704 1165 1761 fuit
1182 1705 1265 1770 mihi,
1279 1710 1346 1771 tum

229 1791 290 1853 770
302 1780 441 1857 'expulisti
450 1792 484 1847 et
495 1781 605 1853 eJecisti
612 1804 621 1851 3
637 1796 730 1857 neque
744 1780 798 1849 tibi
810 1790 873 1838 tum
886 1782 1034 1857 sanguinis
1043 1782 1094 1839 illa
1104 1778 1274 1853 conjunctio
1282 1784 1348 1849 ullo

230 1884 234 1891 ’
304 1862 431 1923 caritatis
448 1876 534 1924 sensu
555 1859 686 1923 tentavit·
699 1859 840 1925 animum.
880 1859 969 1916 Nune
988 1860 1077 1917 etiam
1098 1878 1210 1928 rursus,
1227 1862 1349 1939 quando

303 1938 382 2005 ,vides
399 1938 557 2014 urbemque
570 1938 645 2007 hane
658 1937 795 1994 benevole
815 1957 863 1994 me
882 1939 1027 2012 amplecti,
1045 1946 1076 2005 ct
1097 1948 1219 2016 gentem
1238 1947 1347 2007 totam,
1373 2010 1376 2015 ¹

228 2027 288 2089 175
305 2018 418 2075 conaris
429 2035 477 2074 me
490 2016 621 2082 avellere,
634 2033 734 2090 aspera
746 2015 839 2085 verbis
852 2017 986 2089 mollibus
999 2019 1129 2093 loquens.
1168 2018 1347 2096 Quanquam

231 2118 253 2125 ··
305 2114 440 2172 quaenam
458 2097 520 2165 haee
541 2095 674 2169 voluptas
694 2103 738 2150 est
754 2095 859 2161 invitos
881 2091 997 2151 amare?
1019 2104 1054 2152 ut
1072 2098 1098 2161 si
1110 2096 1173 2172 quis
1192 2096 1247 2164 tibi
1258 2100 1348 2157 enixe
1369 2158 1372 2165 ,

303 2176 450 2251 flagitanti
462 2173 539 2252 quod
551 2176 649 2249 cupias
664 2175 812 2249 consequi,
833 2175 907 2231 nihil
924 2174 1074 2241 concedat,
1088 2192 1142 2233 nee
1161 2192 1248 2249 opem
1267 2176 1348 2237 ferre

303 2255 389 2324 velit,
413 2254 563 2330 expletum
574 2260 675 2310 autern
691 2255 822 2309 animrnn
845 2253 972 2321 habenti,
985 2271 1111 2328 quorum
1123 2254 1261 2330 egnisses,
1273 2261 1347 2325 tune
1370 2252 1374 2257 ’

227 2338 290 2400 780
304 2331 404 2399 donet,
415 2350 505 2411 quum
514 2333 610 2408 gratia
617 2332 715 2389 oblata
727 2331 838 2388 nullam
851 2332 926 2406 parit
934 2333 1070 2406 gratiam,
1081 2350 1120 2389 an
1131 2332 1212 2389 inani
1220 2351 1259 2399 ex
1266 2333 1347 2393 douo

229 2430 234 2437 ·
303 2412 482 2487 voluptatem
503 2410 616 2486 capias?
638 2410 729 2487 Atqui
752 2411 822 2467 talia
846 2418 880 2467 tu
904 2411 977 2467 mibi
1000 2409 1094 2476 offers,
1115 2411 1208 2477 verbis
1227 2412 1348 2488 quidem

301 2490 390 2559 bona,
402 2491 453 2548 sed
465 2492 526 2565 ipsa
537 2506 570 2547 re
587 2489 671 2549 mala.
710 2488 872 2559 Declarabo
889 2496 989 2546 autem
1004 2498 1035 2546 et
1046 2490 1134 2558 hisee,
1147 2501 1182 2546 ut
1193 2497 1223 2547 te
1234 2492 1348 2567 impres·

301 2568 376 2627 bur'n
395 2586 456 2625 esse
475 2568 636 2626 ostendam.
675 2565 765 2624 Venis
783 2567 941 2624 abductum
960 2586 1019 2634 me,
1032 2586 1093 2625 nou
1112 2579 1146 2625 ut
1164 2569 1287 2629 domum
1298 2589 1348 2641 reg

221 2648 288 2717 185
302 2647 400 2717 ducas,
412 2646 464 2703 sed
484 2655 518 2704 ut
537 2647 575 2704 ad
593 2645 720 2705 confinia
735 2664 783 2704 me
803 2646 889 2711 loces,
903 2663 961 2723 quo
978 2647 1046 2703 urbs
1059 2647 1114 2703 tibi
1125 2649 1162 2713 sit
1174 2640 1316 2714 immunis
1328 2668 1348 2708 a

224 2720 229 2735 “’
303 2724 440 2792 cladibus,
455 2744 520 2801 quae
534 2726 638 2783 abbae
654 2731 733 2781 terra
749 2724 928 2801 impendent.
968 2724 1041 2783 Haee
1059 2731 1159 2783 autem
1171 2743 1232 2783 non
1243 2745 1348 2797 couse-

303 2805 417 2880 queris3
430 2812 432 2819 '
447 2804 497 2860 sed
518 2810 547 2860 te
569 2805 625 2861 ista
642 2809 772 2868 manent,
795 2804 853 2859 illic
877 2821 992 2879 semper
1016 2803 1148 2861 habitans
1168 2802 1348 2876 injuriarum

302 2900 437 2942 mearum
462 2883 552 2940 ultrix
576 2882 673 2948 Furia,
697 2882 825 2957 regionis
846 2883 994 2957 pernicies.
1045 2882 1126 2940 Filiis
1147 2895 1246 2941 autem
1272 2887 1346 2945 meis

230 2965 291 3027 790
305 2968 390 3018 terrae
403 2979 479 3047 rnerq
488 2968 603 3018 tantum
624 2961 722 3018 sortiri
733 2961 775 3017 fas
790 2967 843 3026 est,
858 2968 999 3038 quantum
1016 2961 1084 3020 satis
1096 2963 1133 3018 sit
1146 2963 1348 3031 immorituris.

232 3056 236 3065 ·
304 3041 353 3104 An
377 3057 438 3115 nou
457 3041 567 3109 melius*
584 3056 671 3117 quarn
695 3046 730 3098 tu
754 3056 800 3097 res
821 3039 989 3117 Thebarum
1011 3057 1095 3096 nosse
1112 3041 1228 3099 videor?
1251 3045 1348 3101 multo

305 3118 432 3195 quidem,
458 3119 569 3194 'quanto
594 3121 729 3190 certiores
754 3125 886 3196 auctores
916 3119 1028 3185 habeo,
1052 3119 1287 3197 Apollinemque,
1314 3130 1347 3187 et

304 3199 400 3272 ipsum
412 3197 524 3263 lovem,
537 3197 589 3274 qui
610 3197 686 3254 illius
705 3203 789 3271 pater
807 3205 859 3263 est.
899 3197 945 3266 Tu
959 3215 1026 3265 vero
1039 3198 1097 3255 huc
1109 3199 1213 3255 venisti
1223 3200 1347 3260 subdole

231 3279 289 3341 595
304 3276 429 3332 conficta
440 3272 569 3333 'dicturus
583 3276 677 3350 multo
690 3293 756 3332 cum
770 3277 917 3347 acumine3
942 3275 992 3333 sed
1006 3276 1064 3345 hoe
1074 3294 1111 3333 ex
1122 3294 1257 3335 sermone
1269 3280 1349 3347 mala

302 3354 418 3429 auferes
443 3354 527 3429 plura
551 3371 638 3429 quam
661 3354 824 3431 commoda.
864 3354 983 3424 Verum,
1009 3354 1245 3431 quandoquidem
1259 3346 1348 3417 'certe

304 3434 364 3489 seio
383 3450 431 3490 mc
451 3432 505 3488 tibi
525 3432 586 3488 haec
609 3448 670 3488 non
690 3432 874 3505 persuadere,
892 3433 949 3503 abi,
970 3449 1079 3507 nosque
1101 3435 1163 3511 sine
1179 3434 1230 3491 hle
1242 3436 1348 3503 vivere,

266 3564 268 3568 .
303 3510 376 3578 ,Ndn
388 3513 466 3567 enirn
479 3510 564 3573 male,
576 3528 614 3567 ne
626 3512 666 3579 sic
679 3510 807 3586 quidem,
821 3511 956 3576 vivemus,
970 3512 995 3566 si
1007 3512 1049 3567 ita
1060 3512 1156 3569 vivere
1168 3530 1221 3569 nos
1231 3509 1329 3584 juvat.
1341 3578 1345 3583 ¹

228 3590 407 3655 Ι430001ὶ.
427 3589 509 3646 Num
532 3597 617 3664 putas
635 3607 672 3661 ex
693 3589 749 3660 hou
770 3596 823 3663 tuo
841 3590 963 3667 consilio
977 3585 1071 3673 majus
1092 3591 1175 3664 mihi,
1188 3609 1279 3668 qnam
1293 3596 1350 3657 tihi

232 3671 235 3675 ’
305 3667 371 3743 ipsi,
384 3668 524 3737 damnum
538 3667 709 3725 imminere?
773 3666 775 3671 '
926 3676 929 3681 '
978 3674 983 3682 ⁴
1105 3677 1109 3681 '

344 3744 438 3813 QED.
458 3746 534 3805 Mihi
547 3745 663 3821 quidem
671 3741 912 3821 jucundissimum
922 3753 975 3811 est,
986 3745 1010 3821 si
1020 3751 1053 3804 tu
1063 3765 1156 3826 neque
1166 3765 1215 3807 me
1226 3767 1352 3825 persua?

304 3825 376 3881 dere
389 3833 480 3899 potes,
494 3842 547 3881 nee
561 3825 647 3880 hosce
659 3824 710 3900 qui
722 3825 837 3882 adsunt.

231 3907 290 3973 805
345 3903 407 3972 CR.
428 3902 455 3957 Ο
469 3905 565 3967 miser,
577 3920 614 3958 ne
626 3903 749 3980 longum
762 3903 878 3978 quidem
890 3908 1005 3977 tempus
1018 3904 1117 3974 docuit
1129 3912 1159 3962 te
1170 3923 1284 3981 sapere,
1297 3910 1352 3973 sed

230 3985 234 3997 “
279 3986 281 3991 ’
303 3983 337 4038 in
349 3987 497 4048 senectute
510 3981 598 4039 etiam
611 3982 732 4051 nexium
745 3988 775 4052 te
787 3981 934 4038 dementia
945 3982 1022 4043 facit.
1180 3980 1183 3985 ‘
1344 3990 1349 4001 “

344 4059 436 4125 OED.
457 4058 575 4132 Lingua
587 4069 621 4131 tn
632 4077 698 4132 acer
710 4077 756 4116 es:
778 4067 809 4133 at
828 4059 952 4135 probum
965 4078 1026 4118 esse
1043 4063 1192 4135 neminem
1205 4080 1350 4157 ‚egooesqf
1370 4060 1373 4067 '

273 4132 276 4137 ’
304 4156 364 4202 seo,-
378 4139 427 4213 qui
439 4156 475 4194 ex
487 4139 568 4215 omni
580 4154 666 4209 causa
677 4146 755 4207 recte
768 4138 836 4195 velit
848 4130 952 4195 dicere.

258 4288 262 4293 ‚
303 4227 305 4231 ‘
344 4215 406 4273 CR.
426 4214 516 4277 Aliud
527 4221 571 4271 est
581 4216 676 4272 inulta
686 4216 782 4292 loqui;
804 4215 894 4282 aliud,
908 4226 1081 4292 opportuna.

341 4293 437 4393 9³⁴⁰·
456 4293 553 4391 ‘lm
566 4294 627 4387 her
639 4303 674 4355 ω
686 4293 812 4387 nem
823 4301 853 4389 ,0³
866 4301 1030 4389 prome
1042 4296 1132 4390 diser
