2776 4882
331 274 522 353 OEDlPUS
547 272 807 344 COLONEUS.
1035 281 1096 359 136

47 444 161 529 hicque
173 447 299 524 cujusvis
311 450 385 509 alius
397 453 451 510 hac
460 454 491 509 in
505 470 537 509 re
555 453 646 510 uteris
666 469 771 525 opera:
793 447 899 526 quippe
911 464 948 505 ex
962 466 997 507 ea
1007 466 1099 527 quarn

49 546 134 594 nunc
155 530 282 587 ostendis
301 532 419 588 audacia
436 533 504 587 satis
518 532 659 607 intelligo,
674 538 703 586 te
717 544 899 605 nequaquam
912 529 980 584 viris
993 531 1096 585 armis-

46 626 112 685 ..que
123 608 296 666 destitutum
310 611 345 665 ad
366 619 477 666 tantam
499 607 638 682 injuriam
660 606 840 664 inferendam
857 609 1005 663 accessisse
1015 632 1025 678 3
1046 606 1098 665 sed
1116 617 1193 674 1080

50 687 221 761 praesidium
244 699 287 744 est
308 689 433 762 aliquod,
455 689 502 744 cui
521 702 554 744 tu
578 688 669 743 tideus
692 688 753 742 haec
776 686 902 760 patrasti.
944 684 1010 741 Hoc
1030 703 1098 747 vero
1213 725 1217 735 .

50 764 195 839 dispicere
214 784 262 823 me
284 775 409 840 oportet,
431 784 485 822 nec
506 768 699 830 committere,
722 772 757 822 ut
775 765 837 819 haec
850 763 949 820 civitas
966 764 1018 819 nni
1033 782 1097 822 suc-

47 842 256 901 mmbat'viro.
297 845 447 920 Numquid
460 845 521 901 haec
534 845 690 921 intelligis?
713 860 752 900 an
769 842 877 898 frustm
890 842 942 898 tibi
954 842 1031 899 dicta
1042 861 1097 919 pu-

48 928 99 983 ·iufl
110 938 232 997 qrraeque
245 940 324 979 nuuc
336 923 426 985 audis,
441 934 470 978 et.
484 941 547 998 quae
560 923 674 986 audisti,
689 939 778 997 quum
791 921 847 977 ista
860 921 1084 978 machinareris?
1117 932 1193 991 1085

91 999 156 1061 CR.
177 1000 260 1061 Nihil
277 1000 325 1057 hic
347 1002 420 1057 mihi
437 1001 523 1064 dices,
546 1001 623 1076 quod
643 1000 775 1056 refellere
788 999 914 1056 valeam:
937 998 1099 1059 domirero

46 1084 85 1135 tet
98 1094 154 1137 nos
163 1080 288 1137 sciemus
302 1080 370 1156 quid
383 1080 461 1135 facto
474 1097 545 1154 opus
558 1081 604 1136 sit.

91 1154 171 1227 ΤΗ..
180 1158 237 1215 Abi
249 1159 347 1224 modo,
358 1164 389 1214 et
397 1159 509 1215 minare
521 1158 713 1234 quantumvis.
739 1155 786 1212 'lu
796 1173 865 1213 vero
875 1156 968 1219 nobis,
979 1157 1098 1233 OEdipe,
1175 1160 1179 1165 '

52 1236 168 1313 quietus
180 1236 231 1305 htc
244 1254 339 1301 manc,
352 1247 383 1291 et
395 1235 518 1302 confide,
532 1254 588 1302 me,
610 1237 664 1291 nisi
688 1235 766 1309 prius
786 1236 904 1301 moriar,
918 1253 978 1292 non
989 1235 1098 1294 desitu-
1116 1251 1196 1311 1040

50 1330 130 1383 rum,
165 1315 313 1391 riusquam
327 1327 442 1371 tuamm
456 1324 486 1371 te
500 1325 663 1388 compotem
680 1314 804 1369 liliamm
817 1313 921 1370 fecero.

90 1392 120 1449 0
181 1437 188 1450 .
204 1392 286 1449 Bene
298 1394 336 1449 sit
348 1393 410 1455 tibi,
423 1390 549 1457 Theseu,
562 1411 629 1449 cum
640 1393 678 1448 ob
690 1392 821 1448 animum
833 1408 1019 1467 generosum,
1032 1400 1098 1454 tum

49 1470 94 1531 nb
103 1470 180 1529 hauc
193 1489 264 1546 erga
276 1489 328 1527 nos
338 1467 449 1542 justam
462 1472 683 1545 providentiam.

89 1548 161 1609 CH.
182 1548 305 1607 Utinam
316 1551 375 1607 illic
387 1551 524 1615 adessem,
538 1551 589 1607 ubi
602 1556 805 1607 concurrentes
818 1549 928 1606 infestis
942 1553 1030 1608 armis
1043 1552 1097 1611 viri
1115 1573 1191 1631 1011

52 1628 256 1703 (erfistrepum
273 1628 402 1685 hiantem
423 1630 595 1693 miscebunt,
609 1629 655 1684 rel
674 1629 711 1684 nd
723 1629 876 1703 Apollinea
888 1629 982 1696 litora,
996 1631 1041 1686 vel
1059 1630 1097 1688 ad

53 1706 296 1781 illalumpedibus
317 1707 474 1781 fulgentia,
488 1708 538 1764 ubi
559 1707 690 1763 verendis
702 1710 788 1763 sacris
805 1708 942 1764 mortales
961 1710 1097 1768 excolunt
1114 1730 1197 1785 105⁰

55 1783 236 1853 Venetundae
257 1785 340 1850 Deae,
363 1803 485 1861 quarum
510 1804 598 1843 aurea
622 1786 707 1842 clavis
731 1786 957 1861 linguas‘etiam
983 1796 1098 1845 coerect
1155 1796 1158 1803 '

55 1864 258 1923 ministrorum
280 1864 521 1938 Eumolpidarum
532 1889 542 1925 ι,
574 1865 614 1921 ibi
638 1872 712 1939 puto
737 1864 906 1921 bellicosum
930 1864 1043 1924 Thesea
1065 1868 1193 1943 in1055
1227 1878 1230 1885 “

55 1943 334 2017 geminastnnuptas
355 1960 466 1999 sorores
485 1945 544 2000 cito
561 1944 745 2000 incursurum
764 1960 864 2018 pugna
884 1944 962 2001 haud
982 1946 1098 2020 impari,

56 2022 99 2078 his
110 2022 145 2079 in
156 2022 336 2097 regionibus.
376 2023 424 2081 An
443 2039 534 2097 usque
555 2024 591 2078 ad
605 2022 757 2079 occiduum
778 2032 868 2095 petrae
880 2024 981 2080 nivalis
989 2018 1098 2100 jugum
1115 2031 1195 2103 ’1000

55 2100 261 2175 rumpestribus
273 2119 310 2157 ex
322 2100 389 2161 OEae
408 2102 528 2175 pascuis,
546 2100 697 2157 concitatis
719 2100 800 2176 equis
822 2108 852 2155 et
871 2101 1013 2167 turribus,
1025 2102 1097 2178 loga
1124 2162 1127 2175 Ι
1176 2108 1182 2155 .“

58 2179 256 2243 ,contendenti
279 2179 427 2253 apparebit
449 2180 584 2235 terribilis
601 2179 764 2237 accolarum
782 2177 873 2244 Mars,
886 2180 1014 2237 terribile
1027 2198 1099 2257 quo-
1117 2199 1193 2257 1005

58 2274 113 2335 que
131 2256 322 2322 Thesidarunr
339 2258 436 2315 rebm.
478 2259 595 2314 Cunctis
609 2257 688 2315 enim
708 2274 745 2312 ex
762 2256 852 2312 frenis
864 2256 963 2332 fulgor
974 2259 1096 2330 emie'u15

61 2350 216 2413 ,omnesque
237 2348 393 2411 properant
416 2345 534 2393 ornatos
556 2336 680 2411 phaleris
705 2352 794 2411 equos
820 2337 1022 2403 conscendere,
1048 2338 1099 2414 qui
1116 2354 1197 2415 1070

60 2426 220 2491 equestrem
241 2416 343 2475 colunt
359 2415 532 2480 Minervam,
559 2416 762 2490 marinumque
788 2421 896 2470 terram
920 2415 1098 2475 ambientem
1155 2426 1159 2433 '

63 2490 150 2557 Rheae
171 2510 272 2551 carum
290 2495 391 2550 tilium.
431 2493 547 2551 Remne
571 2503 689 2568 gerunt,
713 2510 752 2550 an
776 2496 972 2551 cunctantur?
1001 2494 1098 2555 Quam
1193 2506 1196 2511 ’

62 2573 193 2649 peragit
204 2574 278 2635 mihi
289 2574 404 2630 animus
418 2590 486 2629 mox
500 2572 644 2629 redditum
657 2573 692 2629 iri
706 2572 849 2647 virginem
861 2572 964 2629 acerba
976 2590 1096 2647 passam,
1116 2590 1194 2651 1075

65 2651 221 2727 acerbisque
235 2648 526 2725 impetitam'injuriis
547 2670 565 2707 a
581 2650 818 2726 consanguineis!
842 2650 994 2717 Conficiet,
1007 2650 1118 2725 config
1136 2664 1140 2669 '

10 2718 14 2763 ¹⁸
63 2729 115 2787 ciet
138 2730 247 2806 aliquid
271 2729 357 2787 hodie
382 2731 507 2804 Jupiter.
563 2726 649 2785 Vates
675 2748 742 2786 sum
766 2729 894 2787 felicium
919 2730 1195 2804 proeliorum.1030

66 2804 188 2872 Utinam,
202 2826 257 2865 ceu
269 2810 352 2866 velox
368 2809 504 2866 columba
522 2809 644 2882 praepeti
656 2809 770 2865 concita
781 2808 890 2875 volatu,
904 2810 1054 2866 aetheriam
1065 2811 1099 2867 in

67 2886 167 2944 nubem
178 2887 316 2951 sublatus,
330 2889 459 2962 ipsorum
472 2889 662 2943 certaminum
673 2889 736 2943 risu
746 2888 880 2962 expleam
889 2887 986 2944 oculos
998 2888 1096 2945 meos!

68 2962 257 3043 0quiomnia
269 2968 373 3032 cernis,
386 2965 504 3040 Jupiter
521 2965 654 3021 Deorum
674 2968 726 3023 iex
745 2982 868 3029 summe,
881 2966 991 3023 tribuas
1011 2963 1098 3039 hujus
1116 2982 1193 3065 10111
1302 2990 1304 3001 ·

68 3048 144 3103 letne
155 3046 326 3111 rectoribus,
339 3052 374 3102 ut
387 3045 557 3118 triumphali
566 3042 670 3101 robore
683 3044 895 3118 expeditionem
908 3045 992 3107 hane,
1002 3053 1098 3119 parta·
1188 3046 1191 3053 '

22 3182 26 3189 ,
68 3138 115 3197 que
129 3123 234 3200 praeda,
247 3124 418 3189 conficiaut3
440 3131 543 3199 tuque,
563 3122 726 3179 veneranda
744 3122 837 3197 virgo,
849 3122 942 3179 Pallas
954 3122 1097 3191 Minerua,
1117 3143 1194 3197 1090

70 3214 116 3258 nec
128 3220 188 3260 non
200 3211 369 3266 venatorem
379 3201 553 3277 Apollinem,
567 3217 752 3276 sororemque
765 3201 924 3258 maculosos
940 3209 1099 3260 sectantem

68 3279 351 3417 oebfipedesbffloe'
363 3280 482 3339 obsecro
502 3280 651 3357 munnam
672 3296 759 3354 opem
778 3280 902 3338 ferentes
921 3280 1017 3338 adsint
1031 3282 1099 3340 huic
1116 3294 1194 3357 1095

67 3370 99 3421 ur
117 3360 234 3419 ietcivi
254 3379 298 3418 us.
637 3374 640 3379 ’

68 3488 71 3493 ,
100 3436 211 3515 Ovage
232 3440 345 3515 hospes,
367 3438 577 3514 speculatorem
598 3455 646 3496 mc
663 3436 743 3495 haud
761 3437 838 3495 dices
855 3438 928 3494 falso
943 3438 1098 3514 augurari:

68 3530 141 3573 uocas
152 3518 232 3574 enim
244 3518 354 3593 puellas
365 3518 448 3576 video
461 3535 551 3593 prope
564 3519 622 3574 huc
634 3534 733 3573 rursus
744 3534 775 3572 se
787 3513 977 3574 conferentes.

100 3595 192 3661 OED.
206 3596 282 3662 Ubi,
295 3596 365 3653 ubi?
387 3596 528 3673 quiduis?
552 3594 621 3671 quid
633 3595 727 3651 dixti?

99 3674 188 3733 ANT.
209 3675 237 3731 0
250 3683 341 3750 pater,
363 3687 455 3750 pater,
478 3676 541 3750 quis
564 3675 695 3733 Deorum
714 3673 768 3729 tibi
787 3680 913 3748 praestet,
926 3680 961 3731 ut
979 3674 1101 3732 fortissi-
1118 3694 1198 3750 1100

65 3765 142 3809 mum
154 3754 251 3811 videas
263 3753 369 3820 virum,
383 3754 433 3829 qui
443 3769 495 3808 nos
508 3755 566 3809 huc
578 3753 690 3809 remisit
702 3751 775 3808 tibi?

99 3831 191 3895 Qun.
212 3832 240 3887 0
253 3832 322 3894 filia,
335 3849 411 3888 aune
424 3831 547 3903 adestis?

98 3910 189 3968 ΑΝΤ.
208 3910 325 3985 Quippe
345 3926 448 3967 manus
472 3911 516 3967 hae
541 3926 594 3966 nos
616 3909 722 3966 Thesei
746 3917 905 3977 certarunt,
919 3910 1102 3988 fidorumque

62 3990 208 4047 comitum.

98 4066 190 4125 OED.
209 4066 355 4129 secedite,
379 4063 485 4132 bfilia,
505 4066 542 4122 ad
565 4073 691 4141 patrem,
710 4074 740 4124 et
761 4066 847 4123 sinite
859 4085 907 4125 me
919 4074 1022 4136 vestra,
1037 4084 1101 4147 quae
1120 4083 1199 4167 1125

33 4148 37 4157 '
61 4146 232 4221 neutiquam
245 4145 374 4201 reditura
386 4162 577 4218 speraveram,
590 4147 761 4221 contingere
773 4162 902 4220 corpora.
1181 4156 1184 4161 '

93 4223 190 4293 ANT.
211 4222 298 4285 Quod
310 4224 394 4299 petis,
408 4223 608 4298 consequerist
630 4224 714 4285 uobis
725 4226 804 4289 enim
817 4226 916 4309 cupita
927 4227 1024 4309 gratia
1036 4232 1088 4287 esi.

91 4300 191 4393 Olli).
210 4301 282 4389 ilbi,
296 4319 404 4383 queso,
416 4301 568 4385 ubiestisi
947 4370 951 4376 ¹
