2776 4882
236 288 302 359 ¹56
619 280 880 353 ANTIGONE.

163 484 180 522 ι,
198 500 211 515 .,
236 462 412 540 onieumue
422 459 503 518 enim
515 458 547 516 in
559 459 669 526 multis,
680 467 716 519 ut
732 477 800 537 ego,
816 457 940 517 miseriis
958 456 1048 519 vitam
1059 456 1152 539 degit,
1164 457 1285 521 et-mun

163 538 222 595 465
239 550 299 600 rem
312 546 442 617 oppetat,
456 537 506 617 qui
520 555 579 596 non
592 539 642 595 ille
654 540 768 597 lucrum
780 540 874 597 ierat?
896 539 936 595 sic
949 555 1018 615 sane
1031 538 1103 596 mihi
1116 538 1214 598 fnium
1228 540 1303 599 hoc..

240 619 367 679 nancisci
379 618 454 676 nihil
464 618 551 674 dolet.
571 618 611 676 At
623 619 648 675 si
658 618 756 676 fratris
768 619 878 676 mortui
890 617 1068 693 insepultum
1079 618 1283 679 sustinuissem

239 699 369 765 cadaver,
383 696 414 755 id
422 697 496 755 mihi
508 696 633 754 doleret:
655 698 733 754 hisce
746 705 846 755 eutem
859 714 922 773 quoe
935 696 1001 762 feci,
1014 713 1075 754 non
1087 695 1188 757 doleo„
1216 696 1285 757 'libi

165 776 227 836 470
240 779 345 836 verosi
358 777 455 835 videor
473 775 561 833 stulte
579 776 689 842 fecisse,
707 775 918 853 propemodum
930 775 1064 842 dixerim,
1076 775 1162 835 stulti
1169 770 1283 850 judicio

239 857 331 915 stulte
340 872 416 914 serm.
1271 862 1274 867 '

170 972 177 987 ι
280 935 346 994 CH.
365 930 482 992 Durum
502 931 653 1011 ingenium
670 951 707 993 ex
723 933 800 992 duro
819 939 902 1010 patre
915 938 1013 991 ortum
1025 930 1303 1011 nppcretprellnu

240 1014 325 1075 melis
336 1014 415 1070 enim
429 1013 521 1069 nescit
532 1012 642 1070 cedere.

249 1132 253 1137 -
278 1091 344 1149 Cli.
364 1090 403 1148 At
414 1092 487 1148 scito
499 1097 598 1148 tamen
614 1091 779 1166 praeirnctos
795 1091 908 1148 animos
926 1089 1098 1167 plerumque
1111 1089 1303 1163 concidereg

103 1184 112 1207 ⁴
165 1165 225 1229 475
242 1170 495 1245 firmissimumque
503 1169 613 1228 ferrum
622 1170 691 1245 igne
700 1179 825 1232 coctum,
834 1169 970 1246 rigidum,
978 1169 1114 1226 facillime
1123 1170 1303 1229 comminui·

168 1276 171 1281 ·
242 1253 272 1308 et'
285 1249 383 1325 frangi
400 1248 512 1304 videns:
535 1266 679 1325 parvoque
691 1249 776 1306 freno
794 1248 903 1306 feroces
921 1264 1011 1324 equos
1028 1247 1186 1305 sedatiores
1202 1245 1303 1309 reddi

195 1360 197 1365 ·
242 1330 320 1387 seio:
342 1327 421 1385 haud
432 1328 511 1384 enim
524 1328 659 1383 convenit
671 1327 749 1384 elnto
759 1345 819 1383 csse
832 1328 940 1390 auimo,
952 1328 1002 1403 qui
1014 1326 1078 1383 aliis
1089 1326 1225 1385 subditus
1233 1334 1303 1389 est.

168 1402 229 1458 430
243 1406 316 1465 Haec
328 1405 427 1464 nutem
440 1413 511 1463 tunc
520 1406 637 1482 quidem
646 1405 856 1464 contumeliose
864 1423 951 1482 agere
962 1407 1051 1472 norit,
1062 1422 1154 1481 quum
1161 1406 1303 1467 mein·

142 1480 146 1487 ’
242 1487 323 1562 leges
336 1484 582 1560 transgredinuss
593 1491 653 1541 est:
675 1502 754 1542 nune
767 1502 844 1550 vero,
862 1492 1015 1560 postquam
1025 1484 1139 1541 facinus
1150 1485 1303 1559 pntrdritr

243 1565 335 1623 sltem
350 1565 414 1621 haec
435 1571 480 1621 est
495 1562 681 1630 contumelia,
700 1563 777 1640 quod
798 1563 844 1620 his
863 1563 946 1620 factis
966 1562 1110 1639 glorietur
1130 1572 1163 1621 et
1183 1562 1303 1625 fidem.

243 1644 379 1702 Proiecto
392 1641 470 1698 hund
481 1642 605 1716 emplius
618 1642 662 1698 vir
671 1658 728 1718 ego
737 1642 802 1708 sim,
816 1641 866 1698 scd
875 1643 966 1717 ipsam
976 1642 1070 1699 virum
1079 1641 1224 1717 deputare
1235 1638 1301 1717 pris

168 1716 228 1774 485
243 1721 342 1787 fuerit,
354 1721 380 1778 si
391 1721 454 1778 haec
465 1721 494 1777 ei
506 1721 625 1795 impune
637 1722 754 1778 cesserit
774 1721 810 1778 de
828 1739 876 1778 me
895 1726 1043 1796 reportata
1058 1721 1189 1779 merome.
1229 1720 1293 1780 Seu

244 1802 303 1858 sive
315 1817 353 1858 ex
363 1815 472 1866 sorore,
485 1799 543 1855 sive
555 1816 593 1856 ex
602 1799 659 1856 alia
670 1801 769 1877 quavis
789 1807 933 1876 prognata
949 1800 997 1866 sit,
1010 1816 1075 1876 quae
1088 1799 1163 1857 mihi
1172 1800 1214 1857 sit
1224 1806 1288 1859 tots

172 1920 180 1929 .
244 1877 354 1938 familia
364 1873 558 1949 conjunctior,
571 1879 688 1954 ipsaque
699 1886 730 1935 et
742 1896 825 1936 soror
836 1895 896 1935 non
909 1876 1060 1955 effugient,
1073 1879 1146 1956 quin
1156 1880 1288 1955 pessimi¹

169 1948 231 2008 490
245 1954 384 2031 exemplis
395 1967 533 2032 perenut5
556 1973 623 2014 nam
636 1969 667 2012 et
678 1958 754 2014 hanc
766 1956 845 2015 haud
858 1957 953 2013 miuus
965 1974 1052 2035 quam
1064 1957 1188 2015 alterum
1199 1953 1281 2029 hnjm

245 2035 401 2111 sepuittuae
423 2043 572 2092 auctorem
591 2051 651 2091 esse
667 2050 780 2095 censeo.
818 2034 956 2093 Erillum
974 2044 1107 2094 evocate:
1128 2054 1195 2094 enm
1206 2036 1277 2093 enim

246 2113 306 2171 vidi
329 2113 417 2171 modo
440 2114 518 2171 intus
540 2113 702 2180 rabentem,
725 2132 779 2172 nec
798 2122 964 2189 compotem
985 2116 1040 2172 sui.
1079 2114 1198 2191 Quippe
1215 2113 1278 2171 solet

245 2193 360 2251 unimus
379 2192 459 2268 prius
478 2190 655 2268 deprehendi
671 2193 872 2251 fraudulentus
891 2210 994 2252 eorum
1011 2194 1062 2272 qui
1077 2193 1274 2253 nihilrectein

170 2261 230 2322 495
245 2270 375 2329 tenebris
394 2272 608 2329 machinantur.
647 2271 759 2330 Verum
780 2273 856 2331 male
873 2272 931 2338 odi,
948 2274 973 2329 si
990 2275 1053 2350 quis
1069 2273 1101 2329 in
1117 2273 1223 2331 scelere
1233 2270 1274 2329 ds·

245 2351 415 2428 prehensus,
428 2358 528 2408 tamen
539 2351 688 2409 concinnis
700 2367 815 2410 comere
825 2350 901 2410 illud
912 2352 995 2409 dictis
1008 2358 1101 2426 parnt.

168 2460 171 2465 ·
284 2428 376 2487 ANT.
397 2428 462 2486 Vin·
475 2429 600 2505 amplius
612 2430 732 2508 aliquid,
745 2448 834 2507 quem
846 2449 895 2488 me
908 2439 1023 2506 captam
1035 2429 1189 2488 occiderei

244 2534 246 2539 ·
285 2508 348 2565 CR.
368 2507 422 2564 Nil
433 2526 503 2564 sane
515 2508 655 2584 amplius:
676 2509 732 2566 hoc
744 2517 857 2576 nactus,
871 2510 970 2566 omnia
982 2516 1083 2567 nectus
1094 2526 1172 2567 sum.

172 2576 232 2635 500
286 2585 380 2645 ANT.
400 2586 479 2648 Quid
491 2602 563 2662 ergo
576 2586 716 2645 moraris?
737 2603 808 2646 nam
816 2588 891 2646 mihi
902 2589 960 2645 tuis
973 2606 1009 2646 ex
1020 2588 1203 2646 sermonibus
1213 2577 1275 2646 nihii
1295 2598 1300 2607 '

248 2665 354 2741 placet,
376 2682 472 2743 neque
492 2664 668 2740 pincitmum
685 2666 724 2723 sit
743 2682 893 2744 unquam:
915 2669 1036 2745 parique
1050 2666 1141 2725 modo
1156 2678 1288 2731 meorum,

171 2776 175 2785 ·
247 2744 323 2823 nihil
334 2742 386 2800 tibi
400 2743 550 2819 probatur.
588 2744 680 2822 Atqui
693 2744 839 2803 undenam
852 2745 1040 2820 celebriorem
1073 2746 1178 2805 loricm
1189 2757 1276 2803 conse·

171 2890 232 2950 eos
244 2823 690 2979 ἓᾞωᾘὲῗεῗᾞιὶῑᾞῗηῖἶῗιῖιῖθ
681 2824 973 2978 iffiiiiiiirf
970 2842 1012 2961 {³1¹³
1006 2824 1073 2962 iii
1075 2825 1278 2980 lingum

171 3014 175 3019 -
248 2979 377 3038 eluderet
390 2988 494 3039 metus·
535 2982 575 3038 At
587 2998 655 3038 cum
667 2981 725 3040 allo
736 2981 775 3039 ob
787 2982 881 3039 multa
893 2982 963 3042 felix
977 2990 1022 3040 est
1034 2983 1278 3063 quiregmt,tun

248 3059 318 3138 quin
330 3059 397 3118 licet
409 3059 437 3118 ei
448 3059 543 3117 facere
555 3059 708 3138 dicereque
718 3077 785 3138 quae
796 3061 886 3118 lubet.
1011 3087 1017 3102 ·

289 3136 352 3196 CR.
373 3139 798 3199 SolutuhosiuterCadmeos
811 3134 966 3199 hoevides.
1194 3164 1196 3169 ⁵

288 3216 381 3279 ANT.
398 3217 508 3277 Vident
519 3224 551 3275 et
561 3217 626 3277 isti:
647 3217 699 3277 sed
709 3227 794 3280 tuam
808 3227 842 3277 ut
859 3219 986 3296 gretiam
998 3220 1109 3291 ineunt,
1122 3236 1155 3280 oe
1166 3212 1285 3296 compri·

248 3304 346 3359 munt.

168 3370 236 3442 510
277 3374 351 3434 ΩΒ.
371 3373 414 3433 Te
426 3381 526 3435 autem
536 3389 599 3436 non
611 3373 701 3451 pudet
712 3374 770 3434 siin
781 3374 818 3434 ab
831 3375 876 3433 his
888 3377 1017 3435 sentire?

287 3454 382 3514 ANT.
404 3453 493 3512 Haud
505 3454 585 3513 euim
596 3459 682 3530 turpe
694 3462 739 3513 est
749 3456 871 3513 fratrem
884 3455 987 3515 colere.
1205 3484 1208 3489 ·

194 3529 200 3557 ⁸
289 3533 353 3670 Cli}
372 3532 483 3670 N3⁰¹¹¹²⁰
493 3534 584 3595 etiem
594 3533 686 3592 finter
696 3533 746 3592 ille
758 3540 831 3603 erat,
851 3536 903 3612 qui
914 3534 1061 3594 contentia
1071 3536 1200 3598 inferens
1209 3542 1293 3596 erut

250 3629 323 3671 occu
343 3614 387 3670 uit

169 3716 175 3731 ‹
288 3691 380 3750 ANT.
399 3689 624 3755 Exunnfinter
635 3697 730 3750 matre
741 3698 773 3750 et
784 3709 822 3750 ex
833 3691 937 3749 eodem
949 3698 1041 3766 patre.
1154 3738 1159 3745 .
1180 3752 1183 3757 ,

250 3768 444 3906 mitialem,
465 3788 573 3855 queso,
593 3786 665 3850 erge
688 3772 772 3830 illum
790 3771 881 3847 impia
900 3789 941 3839 es,
954 3771 1026 3830 dum
1047 3772 1133 3832 elteri
1150 3771 1298 3833 houmere

311 3866 370 3906 u1s.

144 3927 152 3945 ·“
170 3921 236 3993 ῆιδ
290 3926 383 4062 ildill'l'.
402 3925 528 4004 impiam
549 3944 598 3987 me
615 3946 677 3988 esse
695 3946 735 3991 ne
752 3928 803 3986 ille
814 3925 932 4007 quidem
947 3929 1103 3989 testabitur
1113 3931 1167 4009 qui
1178 3926 1293 3993 tumulo.

226 4013 306 4064 ⁴-cou
329 4007 451 4065 'tusest

290 4083 353 4142 CR.
372 4084 502 4144 Maxime
514 4100 593 4152 vero,
605 4087 631 4145 si
642 4084 727 4146 illum
739 4086 825 4164 pnrili
836 4086 948 4151 honore
961 4104 1030 4146 cum
1042 4088 1136 4163 irnpio
1147 4088 1288 4168 digmrffi.

168 4192 183 4207 ·-
289 4162 381 4223 ANT.
402 4162 492 4223 Haud
503 4180 651 4243 quaquam
663 4166 743 4225 enim
754 4182 862 4233 servus,
875 4166 926 4224 sed
937 4167 1031 4224 frater
1039 4168 1139 4245 periit.

249 4240 353 4383 for(tiiti.
374 4241 489 4323 Nempe
500 4249 615 4317 vuetens
644 4244 780 4325 putrium,
796 4244 873 4306 alter
887 4246 1055 4323 pro-patrie
1063 4246 1300 4329 qum‘ttetitiefl

229 4333 374 4383 '·rer.
1120 4344 1276 4379 ...w
