2776 4882
545 254 809 329 'ANTIGONR
1121 271 1198 330 rrsr
1269 297 1296 361 J‘

149 408 292 509 *bugu
301 434 618 509 egresmmuimomni
628 435 1200 512 bellicoapparatu,quicontra'nostram
1220 443 1281 498 110

149 507 266 569 lrbem
277 511 420 587 Polynicis
433 513 577 589 ambiguis
593 516 730 572 incitatus
748 511 865 588 jurgiis,
884 515 1067 575 transvolavit
1080 521 1199 572 acutum

149 577 311 675 {langere
323 601 358 647 ut
369 592 466 668 aquila
478 593 509 649 in
522 603 629 650 terram
641 610 672 649 se
684 593 850 658 demittens,
861 594 944 651 nives
956 602 1047 652 tectus
1059 594 1115 661 ala,
1124 592 1199 651 mul·
1218 599 1276 654 115

149 668 286 733 &lecum
308 670 406 735 armis,
419 671 656 746 comantibusque
677 672 776 747 galeis.
817 672 902 729 Stans
920 689 989 729 vero
1008 690 1095 746 supra
1112 671 1198 736 tedes,

149 748 292 813 neentis
303 748 417 804 inhians
424 749 557 825 undique
577 767 644 807 cum
662 750 750 807 hastis
761 751 838 808 circe
851 758 962 824 septem
974 762 1125 825 portarum
1137 767 1198 810 ors,

149 824 243 892 sunt,
255 826 423 902 priusquam
437 836 538 885 nostro
555 828 697 904 sanguine
708 829 826 889 satiaret
839 830 938 894 maus,
951 839 981 885 et
995 831 1119 888 turrium
1133 845 1199 902 pro·
1219 834 1277 889 iso

149 904 328 981 {ougmculn
346 908 446 979 piceus
463 905 610 964 Vulcanus
628 907 801 981 corriperetz
823 915 922 964 tnnttrs
942 926 961 965 a
980 914 1065 984 tergo
1082 915 1200 964 exortus

149 992 201 1040 eat
210 983 356 1058 strepitus
367 981 482 1048 Martis,
494 984 655 1041 adversario
667 984 786 1042 draconi
801 985 1045 1059 inexsuperabilis.
1084 985 1201 1060 Jupiter
1217 991 1274 1044 12⁵

149 1063 241 1119 enim
259 1061 394 1136 superbas
415 1063 523 1138 linguae
538 1059 709 1134 jactantiam
729 1065 858 1139 impense
875 1065 947 1130 odit,
960 1075 990 1120 et
1008 1082 1058 1121 eos
1076 1064 1200 1121 intuitus

149 1140 258 1199 multo
270 1155 339 1197 eum
351 1141 463 1214 impetu
476 1142 628 1206 irruentes,
641 1159 796 1199 aureorum
814 1160 963 1201 armorum
975 1144 1097 1218 crepitu,
1108 1148 1140 1198 et
1152 1160 1200 1198 eu·
1218 1146 1277 1201 181)

149 1218 272 1294 perbis,
286 1218 397 1276 vibrato
408 1215 507 1290 dejicit
518 1219 640 1277 fulmine
654 1232 804 1294 parantem
810 1217 874 1292 jam
884 1222 1004 1278 summis
1016 1223 1047 1278 in
1056 1221 1200 1280 moenibus

149 1298 292 1357 morie
304 1296 406 1355 ltetum
417 1299 574 1355 clamorem
586 1299 701 1354 tollere:
722 1316 902 1374 repercussus
914 1309 1015 1357 autem
1026 1301 1087 1357 ictu
1098 1298 1200 1356 fulmi-

149 1377 209 1435 nis
219 1384 429 1453 quaestusque
448 1377 479 1433 iu
500 1383 608 1433 terram
627 1377 730 1434 cecidit
745 1378 854 1453 ignifer
873 1379 931 1442 ille,
944 1378 994 1454 qui
1006 1379 1084 1452 prius
1097 1378 1200 1435 insano
1218 1381 1276 1436 135

149 1453 263 1513 Furore
275 1453 463 1519 debacchans,
476 1457 534 1511 vim
548 1455 798 1512 infestissimorum
805 1455 967 1521 ‘uentorum
979 1457 1050 1512 flatu
1063 1455 1200 1515 00011101-

149 1539 286 1591 taverat.
323 1533 417 1591 Aliter
428 1533 545 1608 quidem
565 1534 596 1590 iu
616 1535 688 1590 alios
705 1544 849 1611 grassatus
869 1543 922 1599 est,
936 1535 988 1590 hos
1005 1552 1073 1591 vero
1085 1534 1200 1591 iualios
1256 1588 1261 1595 ,

149 1611 274 1669 invexit
292 1628 382 1674 casus,
402 1620 520 1670 cunctos
541 1611 697 1670 deturbans
717 1624 854 1688 prsestans
873 1613 978 1670 robore
996 1611 1199 1688 111031111οΜ0-
1219 1623 1278 1677 140

149 1707 235 1749 vora.
272 1688 353 1747 Nam
366 1701 477 1765 septem
488 1690 578 1749 duces
589 1691 626 1748 ad
638 1700 749 1766 septem
768 1700 866 1766 portas
883 1692 981 1758 locati,
1000 1698 1201 1767 parescuntra

149 1785 255 1844 mes,
268 1767 397 1844 fugatcri
409 1769 428 1824 J
429 1770 475 1824 ovi
486 1770 668 1846 reliquerunt
681 1788 757 1827 aerea
772 1767 864 1835 aima,
877 1781 982 1844 preter
994 1772 1113 1827 miserus
1125 1768 1199 1834 illos,

149 1849 216 1983 ἓξ
224 1854 308 1922 patre
321 1863 381 1904 uno
390 1855 542 1924 matreque
559 1865 619 1905 una
637 1849 708 1914 nati,
722 1850 796 1906 inse
814 1850 952 1924 utrinque
966 1849 1093 1909 victrices
1106 1848 1201 1905 hastas
1219 1855 1276 1910 145
1354 1893 1367 1913 s

180 1927 188 1940 ’
207 1927 332 2002 ’gentes
343 1927 504 1991 communis
516 1927 619 1984 mortis
631 1927 717 1985 ambo
729 1935 920 2002 perceperunt
932 1937 1053 2002 partem.
1073 1929 1115 1983 At
1121 1926 1200 1984 enim

149 2004 303 2078 meeum
326 2005 445 2062 nomine
469 2005 600 2080 gaudens
625 2004 752 2063 Victoria
775 2008 865 2072 venit,
893 2023 1031 2066 curruum
1056 2005 1201 2081 agitatrici

152 2081 274 2141 Thebae
286 2083 408 2141 invicem
421 2083 595 2160 gratificans.
634 2082 701 2140 Jam
714 2102 782 2141 vero
793 2087 991 2141 confectorum
1010 2084 1098 2141 modo
1109 2084 1200 2141 bello·
1220 2090 1279 2145 150

151 2177 230 2219 111111
242 2160 349 2219 oblivia
361 2161 496 2219 inducere
508 2162 601 2228 decet,
617 2162 807 2238 Deciumque
827 2164 936 2237 templi
948 2163 1046 2221 omnia
1063 2161 1200 2219 0110011100

152 2239 350 2376 ffligssibus
360 2241 472 2298 choris:
493 2241 581 2298 ducat
592 2247 691 2299 autem
708 2241 848 2306 Bacchus,
868 2242 918 2317 qui
934 2240 1047 2297 Thebas
1059 2242 1197 2298 concutit.

149 2362 151 2367 .
231 2388 234 2393 Ι
249 2336 319 2376 vero
329 2336 420 2376 novus
429 2315 517 2390 hujus
529 2319 608 2376 urbis
620 2336 673 2378 rex
682 2320 780 2377 Creon
791 2318 936 2376 Menoecei
948 2318 1035 2382 filius,
1048 2320 1086 2374 ob
1099 2335 1197 2377 recen·
1219 2322 1274 2378 155

155 2401 226 2455 tem
237 2415 338 2455 murm
347 2396 479 2455 Deorum
492 2398 637 2455 invectum
647 2399 778 2463 numine,
790 2398 909 2461 acoedit‚
919 2397 1035 2473 aliquod
1047 2396 1199 2455 consilium

159 2475 283 2533 volvens
292 2476 401 2542 animo,
411 2475 642 2553 quandoquidem
656 2485 830 2534 conventum
840 2477 917 2534 hunc
926 2477 1073 2533 seniorum
1084 2475 1200 2543 indixit,
1218 2480 1278 2534 160

164 2570 240 2632 quos
251 2557 403 2613 communi
415 2556 560 2631 meconio
572 2555 724 2613 arcessivit.
776 2610 779 2615 .

205 2632 267 2692 CR.
288 2634 361 2701 Viri,
381 2634 527 2691 civitatem
547 2635 632 2700 hanc,
645 2652 733 2711 quam
753 2637 852 2694 multis
874 2643 1045 2713 quassatum
1057 2635 1200 2701 fluctibiu,

149 2706 228 2783 ..iam
243 2714 354 2770 intuto
367 2712 419 2769 Dii
437 2724 592 2771 erexerunt
610 2714 724 2772 denuo:
746 2728 795 2772 vus
813 2723 912 2773 autem
926 2733 978 2790 per
993 2717 1111 2773 nuntios
1127 2710 1201 2786 jussi
1219 2712 1275 2773 16⁵

155 2806 295 2849 uersum
306 2791 344 2849 ab
353 2792 488 2848 omuibus
500 2794 664 2858 convenire,
675 2795 742 2870 quia
753 2812 801 2850 vos
815 2796 959 2850 novicum
970 2792 1037 2851 Laii
1045 2794 1200 2868 imperium

166 2869 267 2927 seduc
281 2886 397 2944 semper
413 2870 543 2937 coluisse,
561 2880 626 2942 tuin
639 2880 781 2947 regnante
795 2873 913 2948 OEdipo,
924 2872 1031 2948 illoque
1047 2875 1200 2937 exstincto,

170 2963 238 3024 erga
255 2944 319 3019 ejus
338 2956 452 3024 gnatos,
466 2950 498 3006 in
520 2950 621 3006 eadem
643 2950 700 3007 fide
722 2953 865 3011 constanti
886 2953 984 3007 animo
1004 2951 1200 3023 permansisse.

171 3023 293 3086 Quando
311 3028 403 3102 igitur-
423 3028 466 3084 illi
485 3029 605 3104 gemino
625 3029 686 3086 lato
698 3041 757 3086 un'a
773 3029 820 3086 die
838 3031 959 3104 periere,
973 3029 1080 3084 mutuis
1097 3027 1200 3084 ictibus
1219 3029 1278 3097 170

170 3106 310 3180 1111010011
322 3105 432 3163 nefaria
444 3124 542 3169 manu,
557 3124 613 3182 ego
621 3104 685 3178 jam
697 3108 852 3182 imperium
866 3125 952 3164 omne
965 3113 995 3162 et
1008 3107 1112 3163 solium
1125 3106 1200 3162 obti·
1324 3159 1332 3168 „

162 3194 234 3250 uteo,
247 3185 344 3260 utqui
356 3183 498 3242 destinetis
511 3192 651 3260 cognatus
663 3203 728 3243 sum
739 3178 895 3262 proximus.
925 3184 981 3241 Vix
992 3191 1092 3241 autem
1105 3183 1274 3244 1110111175

176 3263 332 3338 quempiam
344 3263 424 3319 noris
436 3281 495 3339 quo
506 3264 543 3320 sit
555 3266 685 3340 ingenio,
702 3282 758 3342 qua
769 3265 894 3330 solertia,
908 3263 1010 3340 quidve
1023 3264 1143 3320 consilio
1152 3280 1200 3320 va-

174 3336 234 3405 lent,
246 3351 402 3416 antequam
414 3343 447 3398 in
458 3342 707 3401 administratione
728 3344 772 3403 rei
790 3342 911 3417 publicae
929 3352 959 3398 et
977 3341 1077 3416 legum
1097 3342 1201 3397 tritum
1242 3360 1245 3366 ·

177 3418 235 3476 eum
247 3419 360 3476 videris.
399 3419 571 3497 Quicunque
585 3423 663 3478 enim
681 3422 825 3479 civitatem
839 3422 1000 3477 universam
1014 3437 1127 3495 regens,
1140 3436 1201 3475 noa

177 3498 284 3570 optimis
295 3498 424 3561 adheret
435 3499 572 3565 consiliis,
584 3500 634 3556 sed
652 3500 807 3557 formidine
824 3500 920 3575 aliqua
933 3500 1063 3572 linguam
1076 3499 1200 3571 compri-
1219 3496 1277 3552 180

174 3575 231 3640 tuit,
242 3577 268 3632 is
281 3577 419 3651 pessimus
430 3594 490 3644 esse
503 3586 532 3633 et
545 3587 665 3635 nuncet
677 3579 747 3638 olim
760 3579 832 3634 mihi
847 3576 974 3634 videturz
996 3577 1201 3651 etquicunque
1305 3602 1309 3609 ,

170 3707 174 3715 ,
232 3655 239 3668 ’
276 3672 330 3711 sua
345 3653 494 3730 'potiorem
510 3651 622 3725 judicat
643 3657 779 3722 amicum,
792 3656 876 3712 illum
896 3656 977 3711 nullo
990 3656 1022 3713 iu
1036 3656 1101 3711 loco
1114 3671 1200 3730 pono.
1223 3664 1225 3669 '

174 3662 336 3808 ffinim,
349 3741 440 3790 testor
450 3734 469 3790 J
470 3751 551 3790 ovem
565 3735 663 3792 omnia
675 3753 788 3808 semper
799 3742 976 3797 cernentem,
987 3733 1073 3789 silere
1082 3734 1200 3807 nollem,
1213 3731 1276 3789 ‘185

174 3808 307 3869 damnum
320 3813 345 3868 si
358 3813 483 3869 viderem
500 3814 637 3888 ingruere
658 3813 766 3870 civibus
779 3812 842 3867 loco
859 3812 975 3877 salutm
998 3829 1200 3887 necunquam,

172 3889 267 3967 siquis
288 3892 387 3966 patn'ae
407 3892 496 3948 hostis
508 3893 554 3957 sit,
574 3889 637 3963 ejus
656 3892 710 3948 viri
729 3891 888 3957 amicitiam
899 3890 1073 3963 amplectbi:
1095 3891 1202 3966 ¹quippe

172 3978 350 4044 compertum
368 3977 413 4025 est
429 3970 511 4035 mihi,
524 3971 648 4045 patriam
666 3988 736 4035 esse,
750 3969 1278 4045 (1001001101011000111110111111-190

207 4049 348 4122 ecopism
359 4043 443 4103 'nobis
452 4048 524 4113 fore,
535 4050 559 4104 si
568 4049 645 4105 salva
653 4048 848 4122 illa-prospero
861 4065 958 4105 rerum
968 4047 1099 4105 furamur
1106 4063 1201 4104 cursu.
1260 4098 1261 4101 ,

169 4064 285 4183 &libus
298 4143 355 4201 ego
366 4125 478 4200 placitis
490 4126 642 4183 obsecutus
655 4129 730 4189 hanc
747 4126 861 4202 augebo
873 4126 985 4191 urbem,
1004 4143 1137 4200 nuncque
1151 4126 1203 4180 ho·
1307 4170 1310 4178 ,

166 4220 234 4263 mm
252 4204 349 4262 affinia
368 4203 476 4268 civibus
496 4205 610 4262 edicere
629 4207 705 4277 Jussi
723 4205 799 4261 circa
819 4205 920 4278 OEdipi
933 4205 1016 4262 filios.
1054 4203 1203 4262 Eteoelem
1344 4222 1347 4227 ·

164 4282 360 4363 qudem,.qn
377 4283 498 4361 probae
511 4284 582 4345 urbe
601 4284 770 4363 pugnando,
783 4283 982 4361 scelestissime
1001 4290 1093 4362 gesta,
1107 4281 1203 4359 periit,
1221 4292 1281 4352 195
1357 4344 1359 4348 ,
