2776 4882
196 312 199 319 ,
299 268 361 329 144
559 257 769 343 ,OEDIPUS
793 259 1054 330 COLONEUS.¹
1102 301 1106 311 ·

199 435 279 503 1655
288 433 358 512 jore
370 451 519 510 cognosces
554 434 608 492 llle
620 453 689 493 vero
699 434 806 512 absque
818 435 963 504 lamentis,
976 443 1011 494 ut
1023 436 1068 493 vir
1079 449 1246 511 generosus,
1257 431 1346 508 jnra-

240 526 243 532 ’
295 519 398 587 mento
416 513 550 588 promisit
567 514 681 589 hospiti
695 532 725 572 se
744 516 795 572 illa
813 517 1019 589 praestiturum.
1057 515 1235 591 Quaequum
1254 518 1280 572 is
1299 518 1346 575 fe-

295 593 392 658 cisset,
411 593 544 668 protinus
564 592 688 668 OEdipus
708 592 840 652 invalidis
860 596 993 651 manibus
1013 595 1162 670 amplexus
1181 594 1265 662 filias,
1278 596 1342 652 aits

197 680 282 736 '1640
298 672 323 727 0
335 678 417 738 ncta,
429 689 560 745 generoso
573 673 665 729 naiaco
679 672 742 729 haic
754 676 910 730 necessitati
929 679 1056 747 parentet
1076 679 1183 747 opertet
1202 691 1250 730 sot
1270 674 1346 731 biset

296 767 330 805 er
343 750 410 806 locis
427 751 697 827 albanensemque
715 751 803 827 nefas,
817 753 959 828 postulare
978 757 1010 806 at
1028 753 1156 816 videatis,
1169 758 1197 807 et
1215 770 1273 809 non
1291 769 1346 810 au·

297 829 398 885 diendo
410 835 441 889 ut
455 831 579 886 acuitatis
591 852 601 887 :
622 837 653 885 at
665 830 739 886 abite
758 849 842 905 quam
862 832 1020 887 celerrime:
1042 832 1116 887 adsit
1137 837 1248 887 tantam
1270 831 1344 887 The·

204 923 280 978 2⁶45
296 924 367 973 rear,
379 908 549 982 quisnamne
565 925 658 964 remur
675 916 784 982 preest,
798 916 831 965 nt
849 926 955 965 ornnem
974 915 1099 965 eventum
1117 910 1220 966 videm.
1257 908 1355 967 Talin·

269 996 273 1011 ¹
296 985 464 1062 loquentem
487 986 685 1043 exaudivimus
710 987 797 1044 simul
816 1005 935 1045 omnes:
961 987 1104 1062 largoque
1123 987 1193 1044 fletu
1212 988 1345 1063 rigantes

296 1081 349 1121 ora
372 1073 581 1142 gementesque
606 1082 759 1123 unacum
786 1067 888 1142 puellis
912 1065 1115 1123 abscessimus:
1147 1083 1202 1123 nec
1226 1065 1343 1133 dudum

296 1141 469 1209 abieramus,
483 1162 573 1220 quum
593 1145 777 1219 respicientes
789 1145 913 1202 vidimus
933 1162 1001 1200 eum
1022 1143 1139 1220 quidem
1159 1145 1256 1201 virum
1267 1138 1345 1209 ‘nul-

204 1236 283 1293 1650
295 1220 349 1278 libi
372 1222 497 1296 amplius
516 1222 624 1288 adesse,
646 1224 743 1298 ipsum
764 1232 862 1280 autem
883 1224 984 1299 regern
1006 1223 1127 1310 obtenta
1144 1222 1232 1298 capiti
1252 1240 1345 1281 manu

164 1302 166 1306 ’
296 1300 397 1357 ocrdos
415 1309 576 1376 tegentem,
586 1308 730 1378 tanquam
750 1302 871 1359 terribili
890 1303 987 1379 aliqua
1006 1300 1122 1372 obJecta
1139 1302 1245 1376 specie,
1257 1297 1346 1373 eujm

297 1379 391 1436 visum
403 1381 545 1436 sustinere
559 1397 619 1438 non
632 1389 737 1456 posset.
775 1380 912 1457 Denique
925 1380 1002 1437 haud
1015 1379 1105 1455 longo
1124 1388 1190 1455 post
1209 1389 1343 1456 tempore

204 1466 282 1526 1655
297 1456 426 1515 videmus
439 1475 507 1515 eum
526 1466 636 1516 terram
655 1459 742 1516 simul
761 1459 943 1524 adorantem,
958 1457 1117 1535 eademque
1136 1475 1221 1532 prece
1241 1458 1346 1535 Olym'·

297 1552 379 1612 pum,
392 1536 525 1597 Deorum
544 1537 652 1603 sedem,
665 1539 856 1595 invocantem.
896 1541 936 1595 A't
950 1553 1008 1613 qno
1026 1537 1088 1594 fato
1107 1537 1155 1594 ille
1175 1538 1345 1605 obierinne

297 1632 373 1672 unua
393 1615 511 1692 quidem
530 1616 696 1673 mortalium
717 1616 831 1682 dixerit,
853 1624 959 1691 praeter
977 1615 1097 1673 Thesea.
1136 1614 1242 1693 Neque
1261 1617 1344 1674 enim

205 1702 284 1762 1660
297 1692 388 1751 illum-
401 1694 481 1750 Jovis
501 1695 659 1769 igniierum
670 1695 791 1761 fulmen
810 1695 944 1759 confecit,
959 1711 1054 1770 neque
1073 1695 1186 1751 marina
1197 1692 1345 1771 quaepiam

173 1770 175 1779 '
298 1773 433 1846 procella,
454 1780 525 1829 tunc
548 1773 687 1845 temporis
711 1783 830 1845 coorta;
851 1772 902 1830 sed
921 1782 973 1831 aut
992 1772 1125 1829 Deomm
1147 1773 1251 1849 aliquis
1273 1790 1345 1833 eum

298 1848 430 1917 deduxit,
444 1858 495 1910 aut
509 1851 568 1908 ima
580 1850 728 1908 dehiscens
738 1852 827 1909 tellus
839 1852 966 1928 benigne
986 1870 1054 1907 eum
1074 1852 1186 1926 excepit
1205 1851 1346 1911 Manium
1366 1896 1369 1901 ·

298 1928 432 2004 caligine.
471 1928 561 1986 Haud
573 1931 652 1987 enim
665 1930 709 1986 vir
724 1931 774 1987 ille
786 1930 998 2007 gemebundus,
1013 1947 1066 1986 nee
1086 1931 1182 1986 morbi
1193 1930 1345 1994 doloribus

203 1988 283 2077 '1665
300 2007 456 2066 exhaustus
482 2006 597 2075 occidit,
622 2007 682 2074 sed,
708 2009 733 2065 si
759 2011 821 2086 quis
849 2011 922 2066 alius
953 2008 1134 2075 mortalium,
1160 2008 1267 2085 dignus
1293 2009 1346 2083 nd·¹

299 2086 462 2144 miratione.
510 2085 583 2144 Haec
614 2096 714 2145 autem
742 2106 831 2164 quum
862 2089 966 2153 dicam,
992 2086 1017 2144 si
1045 2089 1093 2144 eui
1119 2087 1216 2144 ridear
1245 2088 1346 2146 minue

298 2177 370 2222 sana
386 2183 449 2223 esse
468 2172 576 2230 mente,
591 2167 641 2244 qui
660 2166 697 2223 de
716 2184 765 2224 me
781 2167 824 2224 ita
836 2166 1024 2234 semunciis
1035 2165 1115 2223 haud
1129 2165 1214 2224 facile
1225 2183 1348 2233 concess

297 2259 396 2302 serim.
1044 2271 1047 2274 >
1229 2266 1231 2270 ·

216 2314 218 2321 ’
280 2378 283 2383 ,
338 2320 404 2379 CH.
426 2322 485 2379 Ubi
496 2339 565 2383 vero
577 2328 645 2381 sunt
658 2325 772 2400 puellae,
786 2325 892 2401 quique
905 2342 952 2381 eas
965 2322 1148 2382 deduxerunt
1160 2325 1270 2382 amici?
1311 2367 1314 2373 .

240 2448 243 2453 .
308 2410 314 2418 ·
336 2399 463 2460 NUNT.
481 2400 546 2458 Illae
558 2420 619 2463 non
630 2403 718 2479 longe
731 2403 853 2462 absunt:
875 2405 968 2461 clarus
987 2404 1067 2461 enim
1085 2404 1285 2463 lamentorum
1297 2422 1346 2463 so·

297 2497 354 2539 nus
367 2481 424 2536 huc
436 2496 484 2536 eas
497 2480 664 2538 accedentes
677 2482 794 2540 indicat.

204 2568 285 2634 ,1650
336 2558 429 2616 ΑΝΤ.
449 2557 507 2624 Ab,
519 2554 660 2624 annea!
681 2559 771 2626 adest,
792 2559 872 2618 adest
892 2560 974 2618 nobis
990 2557 1064 2633 jam,
1086 2578 1147 2618 non
1166 2567 1200 2618 ut
1219 2560 1277 2619 hoc
1296 2580 1347 2620 so·

297 2635 372 2702 lum,
385 2637 492 2713 absque
504 2637 561 2695 alia
572 2637 745 2704 calamitate,
757 2639 920 2715 lugeamus,
933 2658 987 2696 nos
1005 2639 1134 2696 infelices
1153 2639 1249 2698 lucem
1268 2641 1347 2706 bau·

298 2717 367 2773 sisse
378 2715 498 2772 scelesto
510 2715 600 2788 patris
612 2723 689 2783 satu,
702 2713 787 2790 cujus
798 2719 893 2795 gratia
905 2719 1048 2776 constanti
1061 2720 1160 2779 animo
1172 2719 1279 2776 multas
1294 2739 1347 2777 va-

208 2795 284 2867 1675
298 2795 413 2871 riasque
432 2794 605 2868 pertulimus
625 2813 770 2853 oerumuas
784 2817 791 2850 ε
812 2797 848 2854 ad
862 2809 1026 2854 extremum
1038 2797 1239 2856 inerrabilium
1251 2798 1348 2865 malos

299 2887 367 2931 rum
379 2873 504 2946 speciem
517 2871 696 2941 inducemus,
709 2893 774 2952 quae
786 2875 909 2933 vidimus
922 2881 954 2933 et
965 2886 1057 2951 passae
1067 2893 1176 2934 sumus.

260 3016 263 3021 ¹
340 2949 405 3008 CH.
424 2950 572 3012 Quidnam
585 2953 614 3011 id
627 2955 690 3009 est?
1112 3019 1114 3023 Ι
1146 3003 1148 3008 .

253 3023 256 3028 ’
337 3027 499 3165 ὲΕΤὸῗε
511 3031 688 3107 cogitatione
700 3031 818 3110 quidem
829 3030 859 3090 id
871 3033 982 3110 assequi
995 3031 1073 3100 licet,
1087 3033 1182 3093 arnici.

377 3150 404 3165 ι.
473 3109 567 3166 iitne?
1093 3162 1095 3176 ,

338 3187 431 3248 ΑΝΤ.
451 3187 499 3244 lta
510 3189 639 3263 quidem,
652 3195 685 3248 ut
698 3196 732 3247 tu
750 3190 949 3268 lubentissime
968 3188 1067 3248 audias
1086 3190 1171 3249 illum
1189 3191 1346 3252 interiisse.

208 3277 286 3333 tono
299 3265 378 3329 Quid
397 3267 497 3325 enim?
519 3274 622 3342 utpote
641 3287 728 3345 quem
750 3287 803 3327 nec
823 3269 914 3336 Mars,
932 3287 986 3326 nec
1008 3276 1115 3344 pontus
1133 3271 1271 3343 sustulit3
1294 3272 1348 3330 sed

299 3345 464 3421 caliginosa
477 3345 560 3404 hiatu
573 3354 658 3404 terras
671 3355 779 3423 apertae
795 3349 906 3406 lacttnae
918 3366 987 3405 eum
1007 3347 1213 3423 absorpserunt
1230 3350 1347 3409 incom-

299 3433 385 3498 perto
395 3424 448 3481 leti
458 3441 577 3501 genere.
616 3424 667 3482 Me
679 3427 815 3484 miseram
826 3426 836 3489 l
856 3426 939 3483 nobis
952 3433 1049 3483 antem
1064 3428 1187 3484 exitialis
1199 3445 1349 3487 nox-ocn-

208 3511 285 3566 1685
299 3502 336 3560 lis
348 3503 490 3561 oboritur.
521 3501 582 3567 Qut
594 3505 674 3562 enim
686 3508 842 3583 peregrina
853 3504 950 3580 aliqua
962 3505 995 3562 in
1008 3522 1068 3572 ora,
1080 3507 1218 3564 autmari
1228 3507 1349 3581 tumido
1371 3506 1374 3511 ’

299 3591 448 3657 vagantes,
460 3581 606 3641 difficilem
619 3585 819 3642 nanciscemur
831 3584 937 3641 victum
952 3585 963 3639 2

46 3708 49 3725 .
122 3722 125 3727 ,
209 3668 287 3724 1690
339 3659 418 3718 lsM.
437 3660 554 3719 Nescio.
594 3660 716 3721 Utinam
730 3681 778 3720 me
790 3661 1032 3740 sanguinolentus
1046 3663 1142 3727 Orcus¹
1151 3654 1256 3735 rapiat,
1270 3638 1358 3723 unta·⁸

301 3755 357 3813 qne
369 3757 438 3796 cum
449 3756 517 3796 sene
530 3748 613 3815 patre
625 3741 760 3799 miseram
773 3751 868 3800 morte
881 3741 1005 3798 obruat:
1027 3741 1101 3800 mihi
1117 3743 1196 3800 enim
1209 3760 1278 3818 quae
1296 3761 1350 3802 su-

210 3832 212 3837 ’
300 3825 396 3892 perest
408 3817 468 3874 vita
480 3836 541 3875 non
553 3823 596 3876 est
610 3820 712 3878 vitalis.
1188 3817 1192 3823 ’

144 3890 148 3901 “
204 3902 284 3972 Ι5695
339 3894 453 3952 CH.1O
470 3896 598 3971 geminae
618 3898 744 3958 filiarum
759 3899 887 3974 optimae,
901 3897 979 3974 quod
991 3916 1052 3957 sors
1064 3898 1132 3965 fert,
1144 3917 1230 3975 aequo
1242 3902 1348 3959 animo

195 4020 200 4033 ,
298 3973 453 4032 ferendum
465 3998 474 4045 5
497 3991 535 4031 ne
556 3976 682 4037 nimium
704 3973 851 4035 incendite
873 3978 1007 4035 luctum:
1030 3995 1092 4035 sors
1116 3989 1210 4037 vestra
1230 3980 1349 4039 nemini

297 4052 522 4115 contemnenda.

336 4130 429 4188 ANT.
448 4130 531 4208 Ergo
543 4133 689 4190 malorum
701 4130 820 4209 aliquod
829 4143 873 4191 est
885 4133 1059 4193 desiderium
1072 4133 1079 4191 !
1099 4133 1187 4198 Quod
1199 4135 1284 4193 enim
1294 4152 1351 4203 ne-

297 4227 441 4287 quaquam
452 4206 619 4282 jucundum
631 4212 721 4269 videri
733 4212 832 4287 possit.
846 4213 876 4271 ld
889 4222 952 4272 tum
961 4211 1129 4286 jucundum
1141 4223 1215 4280 erat,
1225 4214 1349 4290 quanda

206 4297 283 4379 troo
297 4288 381 4349 illum
401 4288 535 4350 manibus
554 4288 761 4366 amplectebar,
797 4291 828 4350 0
842 4300 936 4372 pater,
948 4290 968 4351 b
980 4309 1047 4353 cara
1058 4303 1152 4370 pater,
1164 4292 1250 4371 inqui
1261 4301 1356 4368 teter*
