2776 4882
276 268 337 327 150
659 256 917 327 ANTIGONE.

313 432 404 492 ANT.
424 432 526 492 Meum
537 431 653 499 scilicet,
667 440 818 511 tuumque,
831 435 920 491 etiam
937 434 962 491 si
979 432 1063 503 nolis,
1076 432 1217 497 battoma
1239 450 1316 496 nun-

275 531 363 591 quam
377 513 456 569 enirn
469 511 640 587 proditionis
654 531 700 568 me
713 512 846 588 alligabo.

313 592 393 649 lSM.
413 591 441 647 Ο
455 591 632 667 praecipitem
644 590 810 649 audaciam!
834 591 915 650 Num
929 593 1055 649 Creonte
1068 594 1267 667 prohibente?

314 669 406 728 ANT.
426 670 466 727 nt
479 669 592 725 nullum
604 671 632 725 ei
641 664 691 740 jus
704 677 757 734 est,
770 680 804 725 ut
817 688 835 726 a
848 670 919 726 meis
932 687 980 726 me
991 678 1096 730 arceat.

222 760 262 817 50
315 748 394 805 lSM.
415 747 474 805 Hei
487 746 576 803 mihi!
598 765 700 803 revoca
713 748 745 803 in
758 749 899 811 animum,
919 765 1010 814 soror,
1023 756 1109 823 pater
1119 757 1154 807 ut
1167 750 1253 809 nobis
1265 766 1314 825 pe·

276 826 326 885 riit
334 827 449 884 odiosus
457 826 639 902 infamisque,
648 827 698 901 qui
707 834 860 903 postquam
869 828 928 900 ipse
936 844 988 883 sua
996 827 1187 903 deprehendit
1196 829 1316 907 flagitia,

276 906 394 981 propria
415 905 469 961 sibi
489 922 577 961 manu
598 904 696 960 oculos
719 903 833 963 ehbditz
856 912 920 960 turn
943 904 1020 962 illius
1043 914 1136 964 mater
1155 907 1212 965 ead
1288 922 1315 965 re

276 1002 362 1051 uxor,
375 984 526 1060 geminum
540 984 659 1041 titulum
679 984 832 1048 sustinens,
850 983 1005 1057 suspendio
1017 984 1073 1041 sibi
1085 987 1173 1043 vitam
1187 984 1313 1051 ndemrt;

223 1076 262 1131 55
278 1063 397 1119 tertium
410 1080 478 1118 vero
490 1061 593 1117 fratres
604 1061 664 1117 duo
672 1078 732 1118 una
743 1060 799 1125 die,
813 1069 904 1117 semet
917 1062 1078 1120 occidentes
1091 1063 1200 1131 miseri,
1214 1082 1315 1121 nus·

278 1140 334 1198 sibi
350 1141 473 1198 invicem
492 1141 616 1196 intulere
638 1141 747 1197 mutuis
766 1138 907 1197 manibus.
948 1140 1036 1197 Nunc
1053 1142 1171 1199 tandem
1185 1160 1240 1200 nos
1251 1140 1318 1201 din

278 1220 347 1277 solae
359 1219 477 1285 relictae,
486 1219 636 1275 considera
646 1226 755 1294 quanto
767 1213 913 1292 pejoribus
923 1220 1061 1295 exemplis
1070 1222 1208 1295 periture
1216 1216 1318 1287 simui

223 1310 265 1364 σο
279 1298 314 1363 si,
327 1298 455 1355 infractis
473 1297 594 1373 legibus,
612 1296 737 1355 edictum
758 1298 834 1373 regis
854 1297 899 1353 vel
918 1297 1041 1373 imperia
1060 1299 1318 1375 transgrediente.

280 1376 338 1434 Sed
349 1384 379 1433 et
390 1376 447 1433 hoc
458 1376 586 1451 cogitare
606 1382 730 1450 oportet,
743 1374 864 1432 feminas
884 1392 936 1432 nos
952 1395 1023 1442 esse,
1036 1377 1113 1434 haud
1127 1378 1194 1435 viris
1206 1384 1326 1437 nesure

279 1472 372 1532 pares,
389 1461 453 1512 tum
466 1454 593 1511 subditas
615 1471 669 1510 uos
689 1471 749 1509 esse
771 1454 991 1529 potentioribus,
1005 1456 1047 1512 ita
1059 1462 1093 1512 ut
1105 1454 1189 1513 nobis
1201 1472 1327 1515 neem

224 1545 263 1601 65
279 1535 362 1592 sitin
374 1534 419 1591 his
432 1533 518 1590 rebus
531 1532 741 1607 obtemperare,
761 1532 881 1609 aliisque
897 1532 991 1592 adhue
1003 1534 1206 1593 acerbioribus.
1244 1532 1340 1593 Pru-

278 1613 349 1671 inde
361 1629 417 1689 ego
429 1630 529 1669 manes
547 1611 665 1677 inferos,
685 1617 720 1667 ut
738 1611 851 1669 veniam
873 1611 954 1678 dent,
977 1622 1103 1688 precata,
1123 1615 1193 1690 quia
1209 1612 1239 1671 vt
1261 1614 1349 1673 hue
1370 1616 1382 1637 ²

258 1692 447 1767 compellor,
467 1708 612 1748 summam
632 1707 732 1746 rerum
754 1689 951 1747 obtinentibus
970 1706 1083 1752 morem
1104 1706 1225 1769 geram:
1249 1708 1351 1751 uam.
1377 1698 1381 1705 '

280 1766 394 1841 mqinra
405 1769 512 1826 viribus
524 1768 654 1845 aggredi,
667 1768 814 1826 dementia
825 1775 879 1831 est.
1276 1828 1281 1833 ,

295 1884 300 1891 ·
319 1847 418 1906 ANT..
434 1847 538 1924 Neque
549 1854 579 1902 te
586 1843 731 1918 jusserim,
741 1865 835 1923 neque
847 1846 929 1914 adeo,
939 1848 963 1905 si
972 1848 1042 1905 velis
1051 1850 1354 1925 operamcunferre.
1375 1852 1378 1857 ’

224 1940 268 2001 qo
282 1926 384 1984 lubens
403 1934 432 1982 te
448 1933 517 1983 utar
534 1923 690 1998 adjutrice:
712 1924 762 1981 sed
784 1942 903 2002 sequere
922 1928 1095 1984 sententiam
1114 1936 1214 1986 tuamr
1236 1928 1366 1987 utun:

282 2012 382 2063 autem
394 2022 451 2080 ego
461 2004 617 2078 sepeliam5
640 2001 716 2081 quod
734 2003 760 2059 si
777 2003 1033 2069 femininorum
1051 2007 1126 2063 mihi
1143 2008 1200 2063 erit
1221 2008 1304 2067 mori
1320 2026 1359 2061 z

281 2101 348 2143 cara
360 2101 428 2141 eum
440 2100 507 2140 earo
514 2079 627 2155 jacebo,
641 2083 690 2156 pio
702 2092 819 2157 peracto
838 2082 973 2140 facinore.
1012 2083 1126 2160 Nempe
1144 2085 1265 2163 longius
1276 2090 1361 2145 est

227 2173 265 2236 75
283 2170 407 2238 tempus,
420 2179 478 2239 quo
488 2180 535 2219 me
547 2161 645 2218 inferis
663 2161 777 2236 placere
793 2168 917 2236 oportet,
932 2179 1019 2237 quam
1031 2163 1075 2219 his
1088 2163 1261 2241 quibuscum
1273 2162 1367 2223 hic'

282 2258 395 2299 versorr
416 2241 475 2299 illic
496 2241 575 2298 enim
596 2257 710 2314 semper
727 2234 848 2310 jacebo:
871 2247 905 2296 tu
916 2256 994 2307 vero,
1013 2243 1038 2299 si
1054 2242 1097 2299 ita
1112 2241 1239 2313 videtur,
1258 2256 1374 2323 qun!-

282 2320 361 2397 apud
373 2320 451 2377 Deos
463 2319 641 2376 sanctissima
653 2318 806 2384 habentur,
818 2334 980 2393 aspernare.

240 2465 242 2469 ¹
297 2398 400 2459 .lSM.
421 2398 510 2456 Haud
529 2396 663 2475 equidem
682 2413 835 2473 aspernari
857 2396 909 2455 sed
930 2397 1027 2456 invitis
1046 2399 1155 2458 civibus
1171 2400 1376 2479 quidpim'

282 2476 670 2552 facerenullopaetovaleo.
1371 2504 1374 2511 ·

229 2570 270 2624 80
323 2557 414 2616 ANT.
434 2556 482 2613 Tu
494 2556 610 2632 quidem
629 2556 686 2612 ista
702 2565 851 2630 pratexss,
865 2573 921 2632 ego
934 2574 1004 2615 rern
1013 2553 1077 2629 Jam
1088 2556 1148 2627 ibo,
1159 2558 1369 2623 munima-

284 2637 569 2773 lisbibiigiiii
580 2635 1084 2789 ltiillitmmitiiitnn

396 2757 403 2771 ¹
692 2752 702 2779 5

295 2828 300 2835 ·
322 2792 414 2851 ANT.
434 2792 481 2848 Ne
494 2810 559 2849 mea
570 2810 656 2849 causa
667 2801 796 2849 metuant
816 2809 863 2848 res
876 2801 941 2849 tuas
953 2794 985 2849 in
998 2803 1063 2852 tuto
1074 2792 1193 2853 cottona

230 2880 269 2937 85
298 2907 303 2913 -
321 2870 403 2929 ¹lSM.
423 2871 490 2929 Hoc
502 2870 603 2928 saltem
616 2871 766 2945 inceptum
778 2872 888 2928 nemini
900 2872 1084 2945 indicaverim
1098 2874 1149 2931 ssd
1158 2874 1251 2933 etiam
1261 2870 1378 2933 orn?

250 2962 253 2967 ·
286 2967 338 3009 nes
350 2951 434 3017 habe,
447 2949 605 3026 itidemque
617 2966 674 3026 ego
686 2948 797 3006 celabo.

323 3029 416 3086 ANT.
437 3028 497 3086 Hei
509 3028 597 3085 mihi!
619 3029 714 3103 palam
727 3027 879 3105 eloquitur.
904 3027 1132 3091 Multoiuvisior
1144 3031 1362 3091 aristenetus,

285 3107 780 3182 uisiomnibushaecpraedicaveris.
1074 3132 1077 3137 >

326 3186 406 3245 lSM.
426 3187 464 3243 ln
475 3204 508 3244 re
520 3185 625 3261 frigida
637 3185 712 3242 calet
724 3185 778 3242 tibi
791 3202 841 3242 cor
853 3184 1018 3247 admodum.

298 3268 302 3275 '
326 3264 417 3324 ΑΝΤ.
437 3264 475 3321 At
489 3265 597 3339 placeo,
609 3272 653 3321 sat
666 3264 743 3329 novi,
757 3264 859 3341 quibus
872 3267 998 3324 maxime
1012 3284 1060 3325 me
1073 3267 1187 3343 placere
1198 3266 1296 3327 decet.

232 3357 273 3412 90
330 3343 410 3401 lsM.
432 3344 463 3401 Si
476 3351 509 3399 tu
521 3342 639 3420 quidem
652 3343 758 3417 possis;
780 3342 829 3398 sed
842 3340 955 3414 majora
965 3347 1073 3404 viribus
1084 3344 1210 3405 affectas.

161 3444 166 3453 “
326 3422 418 3485 ANT.
438 3422 564 3480 Proinde
576 3421 700 3485 cessabo,
714 3437 805 3496 quum
818 3421 890 3478 nihil
904 3429 1006 3498 potero
1017 3426 1172 3501 amptius.-

325 3502 404 3561 lSM.
424 3503 466 3559 nt
478 3499 664 3575 impossibilia
676 3500 779 3555 sectari
791 3515 851 3555 non
862 3499 946 3558 decet
957 3505 1088 3562 omnino.
1323 3514 1328 3523 ·
1358 3542 1361 3551 .
1383 3495 1388 3550 l

326 3579 418 3639 nur.
438 3581 469 3637 si
487 3580 549 3637 nac
567 3579 647 3654 toqui
665 3579 834 3653 perrexeris,
847 3579 919 3637 man
940 3582 1057 3657 quidem
1070 3581 1217 3650 onoem,
1229 3580 1321 3641 susce
1382 3555 1388 3626 l

233 3665 272 3723 ss
287 3676 411 3735 amque
426 3660 480 3716 uu
500 3660 604 3715 mento
624 3661 772 3714 mortuum
793 3656 918 3716 namna.
958 3659 1015 3716 sen
1034 3662 1097 3717 sins
1112 3680 1161 3719 me
1173 3676 1323 3739 mamque
1383 3641 1388 3722 l

288 3737 481 3793 temeritatem
492 3736 596 3794 acerba
607 3736 657 3793 illa
675 3735 753 3810 pati:
773 3736 869 3813 patiar
881 3737 960 3794 enim
974 3739 1046 3796 nihil
1059 3747 1119 3799 tam
1131 3740 1241 3807 diuum,
1254 3742 1319 3817 qula
1385 3729 1388 3758 ‘

288 3814 392 3872 decore
405 3817 520 3873 moriar.

328 3892 407 3950 lSM.
428 3894 469 3950 At
478 3895 503 3951 si
516 3894 568 3951 tibi
580 3894 703 3956 videtur,
716 3893 775 3949 ito:
797 3895 853 3953 hoc
871 3903 971 3955 autem
987 3898 1068 3966 scias,
1086 3896 1208 3957 stultam
1219 3904 1251 3955 te
1264 3900 1323 3978 qui·

289 3970 356 4029 dem
369 3970 613 4037 esae,sedamicis
625 3973 716 4049 probe
729 3974 861 4032 amicam.
1087 4032 1091 4039 ,

214 4060 274 4115 100
328 4049 393 4108 CH.
414 4050 442 4107 Ο
449 4046 539 4122 jubar
550 4052 628 4118 solis,
640 4052 773 4110 omnium
785 4071 850 4129 qua
862 4053 1028 4129 septiportis
1036 4053 1144 4112 Thebis
1152 4054 1237 4129 prius
1244 4052 1330 4117 atim·

288 4135 398 4195 serunt,
411 4128 606 4204 pulcherrima
616 4131 677 4194 lux,
696 4132 855 4206 apparuisti
866 4131 994 4200 tandem,
1008 4133 1028 4190 b
1039 4150 1134 4192 aureae
1146 4132 1205 4191 diei
1216 4134 1328 4206 oculus,

215 4212 278 4271 105·
288 4206 402 4265 Dima
414 4208 758 4287 hanscendens'lluenta5
773 4209 850 4287 quod
862 4211 894 4281 iu
904 4211 1004 4288 fugam
1014 4212 1195 4289 compulsum
1204 4213 1328 4282 acutiori

287 4284 372 4346 freno
383 4303 501 4347 cursum
512 4287 688 4347 contendere
700 4289 822 4368 coegisti
833 4290 979 4369 insignem
991 4291 1113 4351 candida
1121 4290 1226 4371 clypeo
1234 4292 1335 4381 virum·
