2776 4882
337 248 534 321 OEDIPUS·
551 248 816 321 coronaria·
1034 254 1100 335 m,

84 423 156 491 'ffl-
175 423 373 504 Quinergee
385 427 527 485 ministris
544 426 689 505 quispiam
705 426 766 483 abit
782 425 1019 503 quamcitissime
1032 438 1103 489 arae

42 504 88 567 111
104 506 311 579 1111111111
332 512 484 564 coacturus
506 507 657 582 populum,
682 505 820 581 peditem,
841 506 1037 584 equitemque,
1051 515 1100 575 ut,

44 583 268 653 11111111111111,
279 583 375 642 effresia
384 584 503 642 habenis
515 592 673 661 properent
686 602 755 643 eum
767 584 799 640 in
808 584 916 649 locum,
928 585 979 642 ubi
988 584 1102 661 duplex
1114 597 1175 651 000

45 662 188 723 eunahus
201 663 247 719 ria
257 665 290 720 in
301 680 392 721 uuam
404 665 530 720 maxime
547 665 616 731 coit,
630 681 666 720 nc
680 670 831 720 transeant
842 664 958 738 puellas,
974 681 1028 721 nec
1036 681 1101 741 ,ego

46 740 228 811 deridieulus
237 740 307 799 fiam
319 741 420 799 huicce
432 742 550 817 hospiti,
562 743 591 797 si
600 743 770 818 superatus?
785 742 843 808 abi,
863 749 894 797 ut
907 739 991 815 jussi,
1009 745 1098 801 oeim.

47 818 141 883 Hauc
152 828 253 879 autem
262 838 329 897 ego,
342 820 367 877 si
376 821 428 877 irae
436 820 630 896 indulgerem,
639 838 698 897 qua
708 820 816 896 digmus
825 826 880 887 est,
893 821 1071 879 incolumem
1080 839 1103 878 e·
1114 826 1185 886 905,

45 914 141 957 mann
152 917 220 957 mee
231 916 292 956 non
303 898 502 957 dimitterem:
524 917 602 957 nune
619 906 718 956 antem
736 917 806 976 quas
816 900 878 974 ipse
890 899 970 975 leges
983 901 1040 957 hue
1053 900 1101 959 iu·

48 976 132 1044 11111,
147 977 262 1044 iisdem,
285 994 347 1035 non
366 978 429 1035 aliis
448 976 604 1037 tenebitur.
643 976 716 1034 Non
730 983 811 1057 enim
827 995 958 1054 unquam
972 979 1050 1037 hisce
1062 996 1101 1037 ex

49 1056 111 1115 trie
130 1056 232 1120 abibis,
256 1056 313 1113 uisi
334 1056 414 1132 prius
435 1056 500 1113 illes
522 1057 581 1114 hue
603 1056 736 1115 reductas
760 1057 857 1132 pelam
876 1058 951 1115 mihi
972 1058 1178 1130 1111111910

49 1134 285 1212 qandoquidem
298 1142 330 1192 et
347 1152 403 1201 me,
424 1136 516 1212 iisque
537 1135 641 1213 quibus
664 1144 825 1212 prognatus
844 1153 886 1201 es,
899 1144 931 1192 et
942 1137 1037 1211 patria
1047 1144 1103 1195 tua

49 1214 208 1291 iudignum
219 1212 331 1270 facium
343 1230 495 1288 aggressus
508 1232 556 1285 es,
579 1215 686 1291 quippe
708 1217 759 1291 qui
776 1215 854 1290 aqui
872 1224 1035 1273 servantem
1053 1215 1100 1275 iu·

132 1310 168 1349 us
178 1292 334 1357 civitatem,
348 1293 479 1369 nihilque
491 1293 548 1348 nisi
565 1311 602 1349 ex
620 1293 687 1368 lege
703 1293 870 1359 facientem,
883 1299 984 1351 tamen
996 1294 1104 1369 spretis

50 1374 186 1447 rispenm
196 1387 269 1447 quos
279 1368 1101 1447 ,1111111111111111111111111011111,1111111111111111111,
1115 1376 1178 1435 ata

50 1450 229 1526 abnuesque
249 1466 428 1527 quacunque
450 1451 502 1516 vis,
526 1449 638 1526 tibique
660 1467 712 1526 per
731 1451 790 1507 vim
807 1445 933 1521 subjicis.
974 1452 1014 1509 ltt
1026 1451 1102 1510 mihi

51 1528 155 1589 urbem
168 1546 231 1584 esse
246 1529 356 1603 putasti
376 1546 496 1587 saeuam
515 1530 591 1595 viris,
609 1536 662 1585 aut
681 1528 802 1586 domino
814 1529 989 1587 servientem
1001 1529 1104 1597 alicui,
1131 1572 1134 1576 -

51 1618 85 1671 et
94 1625 143 1665 me
156 1607 304 1664 hominem
319 1612 380 1663 esse
392 1605 485 1665 nihili.
514 1609 691 1683 Quanquam
704 1616 734 1664 te
743 1606 770 1663 Τ
772 1607 853 1663 hebae
866 1625 927 1663 non
937 1608 1102 1667 docuerunt

53 1704 115 1747 eme
136 1686 263 1756 malum3
285 1702 346 1742 non
367 1687 447 1743 enim
470 1685 566 1743 solent
586 1683 711 1757 injustos
732 1687 808 1743 11111
830 1685 970 1744 educare:
993 1704 1048 1745 nee
1070 1690 1180 1747 11910

54 1764 262 1841 approbarent,
273 1766 299 1821 si
310 1765 449 1822 rescirent
469 1771 500 1821 te
519 1783 640 1840 meaque
663 1772 694 1820 et
708 1764 810 1821 divina
822 1765 956 1839 spoliare,
969 1767 999 1822 vi
1009 1764 1102 1823 elidu-

55 1851 171 1905 mntem
190 1844 311 1900 11111111
327 1843 477 1919 supplices.
517 1843 606 1901 Haud
625 1842 742 1918 quidem
755 1861 835 1909 sane,
853 1851 934 1901 tuam
954 1845 1103 1920 ingressus

56 1928 175 1990 11111111,
188 1923 264 1979 nesi
276 1941 374 1979 causas
394 1922 532 1980 haberem
551 1922 685 1979 omnium
704 1918 889 1994 justissimas,
902 1923 1103 1981 abstraherem
1116 1922 1175 1991 925

56 2000 262 2059 mimeremve
275 2019 461 2078 quemquam,
475 2001 583 2078 absque
604 2001 691 2075 regis,
713 2001 842 2077 quisquis
858 2001 908 2057 ille
928 2012 1013 2069 esset,
1025 2002 1103 2059 arbi·

59 2082 114 2138 trie
120 2105 131 2151 3
151 2079 204 2137 sed
215 2081 330 2146 scirem,
344 2097 403 2156 quo
416 2098 447 2135 se
457 2080 546 2137 modo
559 2080 663 2153 hospes
675 2081 753 2137 inter
760 2081 836 2137 cives
846 2097 949 2155 gerere
959 2088 1103 2156 oporteat.

10 2224 12 2237 Ι
60 2156 104 2217 iu
114 2177 185 2217 vero
195 2166 278 2216 tuam
298 2159 388 2234 ipsius
408 2160 542 2233 patriam,
555 2157 634 2215 haud
648 2158 698 2213 tali
711 2158 833 2234 dignam
846 2158 967 2232 probro,
980 2159 1104 2217 dedeco-

62 2252 124 2309 m,
138 2246 169 2295 et
182 2249 213 2293 te
224 2239 314 2313 longa
325 2243 394 2294 aetas
406 2255 506 2296 senem
519 2237 606 2293 simul
616 2236 719 2300 reddit,
732 2247 762 2292 et
772 2246 871 2293 mente
880 2254 1012 2296 vacuum.
1031 2236 1103 2295 Dixi
1117 2239 1181 2297 930
1284 2252 1292 2269 ’

64 2317 175 2392 quidem
197 2312 261 2388 jam
283 2324 362 2381 ante,
386 2334 521 2393 nuncque
544 2317 652 2373 iterum
677 2314 751 2377 dico,
776 2314 887 2388 puellas
909 2326 945 2372 ut
965 2316 1030 2392 quis
1044 2317 1103 2373 huc

64 2394 178 2454 11111111
195 2413 283 2471 quam
302 2395 461 2461 celerrime,
476 2396 533 2451 nisi
550 2394 710 2470 inquilinus
726 2389 815 2467 hujus
827 2393 883 2449 loci
895 2393 960 2450 fieri
978 2397 1104 2468 pervim
1117 2396 1176 2455 985

67 2480 147 2551 etque
158 2474 293 2549 ingratiis
306 2474 364 2531 tuis
376 2491 437 2532 uon
449 2474 567 2550 refugis.
589 2473 686 2550 Atque
698 2471 761 2529 haec
773 2473 827 2529 tibi
836 2490 873 2530 ez
884 2473 985 2529 animo
992 2475 1105 2548 parites·

67 2552 143 2610 etlin
214 2553 290 2609 dieo.

98 2632 122 2689 C
156 2674 164 2689 .
183 2630 274 2688 Vides
296 2648 354 2708 que
374 2630 509 2692 locares
529 2631 585 2686 tibi
608 2629 655 2697 sit,
677 2630 800 2705 hospes?
821 2628 901 2688 Nam
919 2630 1069 2706 reputanti
1084 2648 1107 2690 a

70 2710 161 2784 quibus
173 2718 260 2767 naurs
271 2711 320 2776 sis,
327 2706 428 2782 justus
439 2727 501 2766 esse
513 2709 636 2780 videris,
656 2709 735 2767 male
747 2717 849 2767 autem
858 2718 985 2786 petresse
997 2710 1102 2787 depre-

70 2783 203 2853 lffldefisa
895 2825 903 2835 ¹

49 2932 52 2937 ⁸
100 2867 160 2926 ΟΒ.
180 2865 325 2944 Equidem
344 2884 438 2943 neque
458 2867 526 2924 viris
545 2884 676 2933 vacuam,
696 2884 793 2943 neque
816 2866 931 2925 consilii
950 2874 1102 2943 expertem

46 2966 54 3005 .··
71 2936 135 3003 inno
143 2946 878 3021 11111111111111111,1111111101111111111111
887 2947 1005 3003 molitus
1017 2965 1084 3005 sum
1090 2972 1101 3018 5
1117 2949 1183 3004 940

72 3025 192 3102 udquia
214 3024 341 3100 sciebam
363 3026 511 3081 neminem
531 3027 637 3081 horum
657 3024 721 3083 fore
739 3025 859 3092 civium,
872 3025 922 3102 qui
936 3034 1020 3082 tanto
1031 3042 1106 3101 erga

72 3105 289 3180 cansanguineae
302 3120 381 3160 meos
393 3107 567 3161 accendatur
577 3103 686 3170 studio,
698 3115 732 3160 ut
746 3103 791 3161 rel
809 3105 882 3161 meis
901 3104 1035 3181 ingratiis
1045 3116 1105 3162 ‘ees

72 3180 136 3241 alere
155 3184 235 3239 velit
274 3181 386 3239 Noram
408 3190 550 3258 praetereo
569 3183 720 3240 hominem
740 3183 914 3257 parricidam
938 3192 968 3239 et
993 3183 1103 3241 scelere

71 3262 206 3397 mmmm
230 3261 268 3318 ab
288 3263 323 3318 iis
342 3271 493 3336 receptum
514 3279 576 3319 uon
595 3262 641 3325 iri,
667 3279 722 3318 nee
742 3262 792 3337 qui
808 3261 925 3319 incestis
936 3282 974 3320 11
993 3262 1103 3338 nuptiis
1118 3263 1178 3322 945

83 3340 87 3351 '
120 3359 167 3398 me
184 3358 349 3416 pmcrcasse
360 3348 526 3416 compertus
538 3342 584 3399 sit.
622 3339 725 3397 Talem
742 3340 841 3398 illisio
854 3341 1009 3418 Areopago
1020 3357 1104 3397 sena-
1252 3332 1257 3347 ‘

72 3422 126 3477 bam
144 3421 314 3497 indigenam
333 3436 394 3475 esse
414 3436 527 3486 noram,
549 3418 705 3494 prudentia
725 3418 882 3496 insignem,
895 3421 946 3496 qui
959 3438 1021 3477 non
1032 3420 1103 3477 sinit

72 3493 231 3570 hujusmodi
253 3516 370 3555 errones
395 3498 494 3555 inhac
518 3499 592 3556 urbe
617 3499 788 3555 conversari.
827 3499 962 3560 Quorum
984 3498 1103 3574 quidem
1118 3496 1181 3555 950

72 3572 255 3645 minatum
273 3576 400 3652 praedam
422 3594 525 3652 capere
545 3594 697 3653 aggmsstrs
716 3595 799 3634 sum:
822 3594 876 3633 neo
895 3578 936 3633 sie
948 3584 1048 3635 tamen
1059 3578 1103 3634 fe-

72 3655 173 3725 circem,
186 3658 243 3713 nisi
255 3657 328 3713 111111
336 3656 401 3731 ipsi,
410 3658 571 3743 generique
584 3672 652 3713 mee
660 3655 737 3713 dirae
746 3656 793 3712 hic
801 3654 918 3711 acerbas
926 3656 1107 3730 imprecatus

72 3745 150 3793 eset:
173 3744 352 3814 quapropter
375 3736 484 3807 injuria
508 3736 663 3800 lacessitus,
689 3734 765 3791 hanc
790 3751 907 3811 aequum
931 3736 1033 3793 censui
1056 3753 1102 3792 re-

71 3815 188 3886 pendere
201 3816 301 3871 vicem.
325 3813 375 3870 lra
384 3815 463 3871 enirn
477 3831 539 3871 non
550 3814 745 3887 consenescit3
765 3814 830 3870 sola
838 3820 934 3870 morte
945 3814 1103 3890 restingui·
1118 3808 1195 3872 968-

71 3898 113 3951 tur
117 3918 128 3965 ς
148 3895 316 3970 mortuique
327 3892 384 3949 soli
401 3892 486 3949 nullo
497 3901 650 3951 tentantur
666 3892 776 3950 dolore.
814 3891 942 3949 Proinde
954 3892 1106 3970 quodcun-

70 3989 119 4049 que
127 3973 247 4031 libuerit
258 3972 355 4039 facim,
366 3972 602 4048 quandoquidem
612 3989 661 4029 me
670 3970 806 4037 solitudo,
815 3973 930 4029 tametsi
935 3967 1017 4043 justa
1026 3971 1105 4038 dieo,

67 4067 182 4127 prtum
206 4051 312 4109 reddit.
351 4051 501 4116 Attamen,
520 4050 732 4128 qualiacunque
751 4050 852 4109 futura
870 4051 930 4109 sint
949 4057 1003 4108 tua
1017 4050 1105 4118 facta,

66 4133 117 4188 etsi
128 4132 184 4188 hac
195 4138 282 4188 aetate
293 4148 369 4197 sum,
382 4136 436 4205 pa'r
446 4129 575 4187 conabor
586 4130 704 4187 1111111.

101 4209 244 4268 011110
268 4208 470 4285 impudentem
488 4207 654 4266 audaciam!
682 4215 783 4266 utrum
804 4207 989 4285 proscindere
1007 4216 1103 4283 putas,
1120 4214 1181 4272 900

63 4286 1109 4369 wmmaipanateeoeusieiurqunirieeueet
