<?xml version="1.0" encoding="UTF-8"?>
<!DOCTYPE html PUBLIC "-//W3C//DTD XHTML 1.0 Transitional//EN"
    "http://www.w3.org/TR/xhtml1/DTD/xhtml1-transitional.dtd">
<html xmlns="http://www.w3.org/1999/xhtml" xml:lang="en" lang="en">
 <head>
  <title>
</title>
<meta http-equiv="Content-Type" content="text/html;charset=utf-8" />
  <meta name='ocr-system' content='tesseract 3.04.00' />
  <meta name='ocr-capabilities' content='ocr_page ocr_carea ocr_par ocr_line ocrx_word'/>
</head>
<body>
  <div class='ocr_page' id='page_1' title='image "./sophoclistragdi04brungoog_0192.png"; bbox 0 0 2776 4882; ppageno 0'>
   <div class='ocr_carea' id='block_1_1' title="bbox 521 203 1185 321">
    <p class='ocr_par' dir='ltr' id='par_1_1' title="bbox 521 203 1185 321">
     <span class='ocr_line' id='line_1_1' title="bbox 521 203 1185 321; baseline 0.002 -4"><span class='ocrx_word' id='word_1_1' title='bbox 521 246 814 317; x_wconf 75' lang='lat' dir='ltr'>nauculatur.</span> <span class='ocrx_word' id='word_1_2' title='bbox 1124 203 1185 321; x_wconf 70' lang='lat' dir='ltr'>rsa</span> 
     </span>
    </p>
   </div>
   <div class='ocr_carea' id='block_1_2' title="bbox 149 416 1350 3799">
    <p class='ocr_par' dir='ltr' id='par_1_2' title="bbox 149 416 1350 3799">
     <span class='ocr_line' id='line_1_2' title="bbox 195 416 1189 495; baseline -0.001 -14"><span class='ocrx_word' id='word_1_3' title='bbox 195 416 271 483; x_wconf 76' lang='lat' dir='ltr'>but.</span> <span class='ocrx_word' id='word_1_4' title='bbox 279 420 370 485; x_wconf 67' lang='lat' dir='ltr'>Quid</span> <span class='ocrx_word' id='word_1_5' title='bbox 382 436 492 490; x_wconf 75' lang='lat' dir='ltr'>natm,</span> <span class='ocrx_word' id='word_1_6' title='bbox 505 419 525 479; x_wconf 83' lang='lat' dir='ltr'>b</span> <span class='ocrx_word' id='word_1_7' title='bbox 536 423 600 481; x_wconf 84' lang='lat' dir='ltr'>iili?</span> <span class='ocrx_word' id='word_1_8' title='bbox 620 423 757 495; x_wconf 82' lang='lat' dir='ltr'>Quonam</span> <span class='ocrx_word' id='word_1_9' title='bbox 769 436 809 479; x_wconf 83' lang='lat' dir='ltr'>ex</span> <span class='ocrx_word' id='word_1_10' title='bbox 818 421 943 480; x_wconf 85' lang='lat' dir='ltr'>bomine¹</span> <span class='ocrx_word' id='word_1_11' title='bbox 955 422 1096 480; x_wconf 81' lang='lat' dir='ltr'>rescivisti</span> <span class='ocrx_word' id='word_1_12' title='bbox 1106 421 1189 487; x_wconf 80' lang='lat' dir='ltr'>dete·</span> 
     </span>
     <span class='ocr_line' id='line_1_3' title="bbox 160 499 862 576; baseline -0.011 -12"><span class='ocrx_word' id='word_1_13' title='bbox 160 502 289 564; x_wconf 73' lang='lat' dir='ltr'>mudum</span> <span class='ocrx_word' id='word_1_14' title='bbox 301 501 374 560; x_wconf 83' lang='lat' dir='ltr'>adeo</span> <span class='ocrx_word' id='word_1_15' title='bbox 382 499 496 571; x_wconf 49' lang='lat' dir='ltr'>¹facinus</span> <span class='ocrx_word' id='word_1_16' title='bbox 508 520 526 557; x_wconf 85' lang='lat' dir='ltr'>a</span> <span class='ocrx_word' id='word_1_17' title='bbox 538 519 585 559; x_wconf 88' lang='lat' dir='ltr'>me</span> <span class='ocrx_word' id='word_1_18' title='bbox 597 510 744 576; x_wconf 87' lang='lat' dir='ltr'>patratum</span> <span class='ocrx_word' id='word_1_19' title='bbox 756 501 862 558; x_wconf 86' lang='lat' dir='ltr'>fuisse?</span> 
     </span>
     <span class='ocr_line' id='line_1_4' title="bbox 160 578 1189 657; baseline -0.001 -18"><span class='ocrx_word' id='word_1_20' title='bbox 160 614 165 621; x_wconf 95' lang='lat'>·</span> <span class='ocrx_word' id='word_1_21' title='bbox 192 578 317 639; x_wconf 68' lang='lat' dir='ltr'>mm</span> <span class='ocrx_word' id='word_1_22' title='bbox 334 578 401 655; x_wconf 84' lang='lat' dir='ltr'>lpse</span> <span class='ocrx_word' id='word_1_23' title='bbox 411 579 457 636; x_wconf 87' lang='lat' dir='ltr'>bis</span> <span class='ocrx_word' id='word_1_24' title='bbox 469 581 559 638; x_wconf 88' lang='lat' dir='ltr'>oculis</span> <span class='ocrx_word' id='word_1_25' title='bbox 575 581 636 637; x_wconf 90' lang='lat' dir='ltr'>vidi</span> <span class='ocrx_word' id='word_1_26' title='bbox 653 597 772 657; x_wconf 84' lang='lat' dir='ltr'>gravem</span> <span class='ocrx_word' id='word_1_27' title='bbox 788 578 878 655; x_wconf 80' lang='lat' dir='ltr'>patris</span> <span class='ocrx_word' id='word_1_28' title='bbox 894 578 1105 651; x_wconf 68' lang='lat' dir='ltr'>calamitatem,</span> <span class='ocrx_word' id='word_1_29' title='bbox 1127 596 1189 638; x_wconf 89' lang='lat' dir='ltr'>non</span> 
     </span>
     <span class='ocr_line' id='line_1_5' title="bbox 157 654 1350 733; baseline -0.005 -18"><span class='ocrx_word' id='word_1_30' title='bbox 157 654 227 716; x_wconf 69' lang='lat' dir='ltr'>nlius</span> <span class='ocrx_word' id='word_1_31' title='bbox 237 676 277 716; x_wconf 85' lang='lat' dir='ltr'>ex</span> <span class='ocrx_word' id='word_1_32' title='bbox 290 656 342 715; x_wconf 73' lang='lat' dir='ltr'>or&#39;e</span> <span class='ocrx_word' id='word_1_33' title='bbox 353 657 460 716; x_wconf 86' lang='lat' dir='ltr'>audivi.</span> <span class='ocrx_word' id='word_1_34' title='bbox 1348 729 1350 733; x_wconf 20' lang='grc' dir='ltr'>Ι</span> 
     </span>
     <span class='ocr_line' id='line_1_6' title="bbox 187 735 1266 812; baseline -0.004 -15"><span class='ocrx_word' id='word_1_35' title='bbox 187 736 273 797; x_wconf 78' lang='lat' dir='ltr'>nat</span> <span class='ocrx_word' id='word_1_36' title='bbox 293 736 353 794; x_wconf 88' lang='lat' dir='ltr'>Ubi</span> <span class='ocrx_word' id='word_1_37' title='bbox 365 753 444 802; x_wconf 89' lang='lat' dir='ltr'>vero,</span> <span class='ocrx_word' id='word_1_38' title='bbox 456 735 514 802; x_wconf 90' lang='lat' dir='ltr'>dic,</span> <span class='ocrx_word' id='word_1_39' title='bbox 526 737 685 794; x_wconf 89' lang='lat' dir='ltr'>convenisti</span> <span class='ocrx_word' id='word_1_40' title='bbox 696 738 801 803; x_wconf 89' lang='lat' dir='ltr'>virum,</span> <span class='ocrx_word' id='word_1_41' title='bbox 815 753 969 812; x_wconf 88' lang='lat' dir='ltr'>coramque</span> <span class='ocrx_word' id='word_1_42' title='bbox 981 736 1119 795; x_wconf 74' lang='lat' dir='ltr'>adfuisti?</span> <span class='ocrx_word' id='word_1_43' title='bbox 1205 747 1266 809; x_wconf 77' lang='lat'>750</span> 
     </span>
     <span class='ocr_line' id='line_1_7' title="bbox 191 813 1189 891; baseline 0 -16"><span class='ocrx_word' id='word_1_44' title='bbox 191 813 321 875; x_wconf 73' lang='lat' dir='ltr'><strong>HYLL.</strong></span> <span class='ocrx_word' id='word_1_45' title='bbox 339 815 371 883; x_wconf 79' lang='lat' dir='ltr'>si</span> <span class='ocrx_word' id='word_1_46' title='bbox 381 815 497 891; x_wconf 90' lang='lat' dir='ltr'>quidem</span> <span class='ocrx_word' id='word_1_47' title='bbox 509 817 620 889; x_wconf 76' lang='lat' dir='ltr'>rescire</span> <span class='ocrx_word' id='word_1_48' title='bbox 630 824 756 890; x_wconf 81' lang='lat' dir='ltr'>oportet,</span> <span class='ocrx_word' id='word_1_49' title='bbox 766 833 830 872; x_wconf 89' lang='lat' dir='ltr'>rem</span> <span class='ocrx_word' id='word_1_50' title='bbox 840 814 894 871; x_wconf 91' lang='lat' dir='ltr'>tibi</span> <span class='ocrx_word' id='word_1_51' title='bbox 903 833 1022 873; x_wconf 85' lang='lat' dir='ltr'>omnem</span> <span class='ocrx_word' id='word_1_52' title='bbox 1031 815 1189 890; x_wconf 80' lang='lat' dir='ltr'><strong>explicabo.</strong></span> 
     </span>
     <span class='ocr_line' id='line_1_8' title="bbox 151 892 1189 970; baseline -0.001 -17"><span class='ocrx_word' id='word_1_53' title='bbox 151 892 252 955; x_wconf 68' lang='lat' dir='ltr'>Qum</span> <span class='ocrx_word' id='word_1_54' title='bbox 265 892 497 970; x_wconf 81' lang='lat' dir='ltr'>proficisceretur</span> <span class='ocrx_word' id='word_1_55' title='bbox 507 894 644 968; x_wconf 78' lang='lat' dir='ltr'>inclytam</span> <span class='ocrx_word' id='word_1_56' title='bbox 657 894 761 969; x_wconf 78' lang='lat' dir='ltr'>Euryti</span> <span class='ocrx_word' id='word_1_57' title='bbox 774 895 927 969; x_wconf 86' lang='lat' dir='ltr'>populanrs</span> <span class='ocrx_word' id='word_1_58' title='bbox 936 894 1049 959; x_wconf 89' lang='lat' dir='ltr'>urbem,</span> <span class='ocrx_word' id='word_1_59' title='bbox 1061 896 1189 952; x_wconf 81' lang='lat' dir='ltr'>victoriae</span> 
     </span>
     <span class='ocr_line' id='line_1_9' title="bbox 150 971 1191 1050; baseline 0.003 -22"><span class='ocrx_word' id='word_1_60' title='bbox 150 989 241 1049; x_wconf 75' lang='lat' dir='ltr'>agens</span> <span class='ocrx_word' id='word_1_61' title='bbox 250 978 374 1047; x_wconf 73' lang='lat' dir='ltr'>tropm,</span> <span class='ocrx_word' id='word_1_62' title='bbox 387 971 508 1050; x_wconf 87' lang='lat' dir='ltr'>Diisque</span> <span class='ocrx_word' id='word_1_63' title='bbox 524 971 685 1029; x_wconf 82' lang='lat' dir='ltr'>offerendae</span> <span class='ocrx_word' id='word_1_64' title='bbox 696 973 846 1047; x_wconf 82' lang='lat' dir='ltr'>primitias,</span> <span class='ocrx_word' id='word_1_65' title='bbox 859 973 948 1030; x_wconf 84' lang='lat' dir='ltr'>estin</span> <span class='ocrx_word' id='word_1_66' title='bbox 958 972 1080 1031; x_wconf 83' lang='lat' dir='ltr'>Enboeae</span> <span class='ocrx_word' id='word_1_67' title='bbox 1091 974 1191 1031; x_wconf 89' lang='lat' dir='ltr'>littore</span> 
     </span>
     <span class='ocr_line' id='line_1_10' title="bbox 150 1050 1264 1128; baseline 0.001 -20"><span class='ocrx_word' id='word_1_68' title='bbox 150 1050 285 1109; x_wconf 78' lang='lat' dir='ltr'>fluctibns</span> <span class='ocrx_word' id='word_1_69' title='bbox 293 1050 430 1128; x_wconf 90' lang='lat' dir='ltr'>utrinque</span> <span class='ocrx_word' id='word_1_70' title='bbox 441 1050 586 1125; x_wconf 85' lang='lat' dir='ltr'>pulsatum</span> <span class='ocrx_word' id='word_1_71' title='bbox 596 1052 839 1125; x_wconf 87' lang='lat' dir='ltr'>promontorium,</span> <span class='ocrx_word' id='word_1_72' title='bbox 853 1052 992 1109; x_wconf 88' lang='lat' dir='ltr'>Cenaeum</span> <span class='ocrx_word' id='word_1_73' title='bbox 1000 1053 1129 1118; x_wconf 89' lang='lat' dir='ltr'>nomine,</span> <span class='ocrx_word' id='word_1_74' title='bbox 1137 1053 1190 1111; x_wconf 89' lang='lat' dir='ltr'>ubl</span> <span class='ocrx_word' id='word_1_75' title='bbox 1204 1061 1264 1123; x_wconf 67' lang='lat'>755</span> 
     </span>
     <span class='ocr_line' id='line_1_11' title="bbox 149 1124 1258 1206; baseline 0 -19"><span class='ocrx_word' id='word_1_76' title='bbox 149 1124 282 1188; x_wconf 73' lang='lat' dir='ltr'>Tutelarl</span> <span class='ocrx_word' id='word_1_77' title='bbox 292 1128 360 1187; x_wconf 80' lang='lat' dir='ltr'>Jovi</span> <span class='ocrx_word' id='word_1_78' title='bbox 371 1146 435 1186; x_wconf 83' lang='lat' dir='ltr'>atas</span> <span class='ocrx_word' id='word_1_79' title='bbox 443 1130 555 1195; x_wconf 77' lang='lat' dir='ltr'>statuit,</span> <span class='ocrx_word' id='word_1_80' title='bbox 566 1129 807 1206; x_wconf 84' lang='lat' dir='ltr'>frondentemque</span> <span class='ocrx_word' id='word_1_81' title='bbox 817 1129 929 1187; x_wconf 85' lang='lat' dir='ltr'>dedicat</span> <span class='ocrx_word' id='word_1_82' title='bbox 938 1129 1055 1199; x_wconf 71' lang='lat' dir='ltr'>lucum,</span> <span class='ocrx_word' id='word_1_83' title='bbox 1068 1130 1127 1189; x_wconf 90' lang='lat' dir='ltr'>illic</span> <span class='ocrx_word' id='word_1_84' title='bbox 1138 1131 1195 1188; x_wconf 63' lang='lat' dir='ltr'>de:</span> <span class='ocrx_word' id='word_1_85' title='bbox 1254 1154 1258 1169; x_wconf 74' lang='lat'>¹</span> 
     </span>
     <span class='ocr_line' id='line_1_12' title="bbox 150 1206 1189 1283; baseline 0 -16"><span class='ocrx_word' id='word_1_86' title='bbox 150 1206 309 1267; x_wconf 62' lang='lat' dir='ltr'>sumtum</span> <span class='ocrx_word' id='word_1_87' title='bbox 317 1207 483 1282; x_wconf 78' lang='lat' dir='ltr'>eumlongo</span> <span class='ocrx_word' id='word_1_88' title='bbox 491 1217 555 1282; x_wconf 86' lang='lat' dir='ltr'>poet</span> <span class='ocrx_word' id='word_1_89' title='bbox 562 1216 694 1283; x_wconf 90' lang='lat' dir='ltr'>tempore</span> <span class='ocrx_word' id='word_1_90' title='bbox 701 1210 827 1283; x_wconf 86' lang='lat' dir='ltr'>primum</span> <span class='ocrx_word' id='word_1_91' title='bbox 837 1208 903 1265; x_wconf 92' lang='lat' dir='ltr'>vidi.</span> <span class='ocrx_word' id='word_1_92' title='bbox 924 1207 1105 1269; x_wconf 63' lang='lat' dir='ltr'>&amp;mantem</span> <span class='ocrx_word' id='word_1_93' title='bbox 1112 1208 1189 1269; x_wconf 83' lang='lat' dir='ltr'>mul·-</span> 
     </span>
     <span class='ocr_line' id='line_1_13' title="bbox 150 1285 1189 1362; baseline 0.004 -19"><span class='ocrx_word' id='word_1_94' title='bbox 150 1290 248 1343; x_wconf 75' lang='lat' dir='ltr'>tarum</span> <span class='ocrx_word' id='word_1_95' title='bbox 256 1286 440 1343; x_wconf 84' lang='lat' dir='ltr'>victimarum</span> <span class='ocrx_word' id='word_1_96' title='bbox 449 1287 591 1362; x_wconf 85' lang='lat' dir='ltr'>sangnine</span> <span class='ocrx_word' id='word_1_97' title='bbox 603 1305 667 1343; x_wconf 84' lang='lat' dir='ltr'>aras</span> <span class='ocrx_word' id='word_1_98' title='bbox 675 1304 809 1361; x_wconf 87' lang='lat' dir='ltr'>sparsura</span> <span class='ocrx_word' id='word_1_99' title='bbox 818 1285 934 1344; x_wconf 87' lang='lat' dir='ltr'>advenit</span> <span class='ocrx_word' id='word_1_100' title='bbox 947 1287 988 1343; x_wconf 91' lang='lat' dir='ltr'>illi</span> <span class='ocrx_word' id='word_1_101' title='bbox 997 1287 1086 1344; x_wconf 91' lang='lat' dir='ltr'>domo</span> <span class='ocrx_word' id='word_1_102' title='bbox 1094 1287 1189 1347; x_wconf 77' lang='lat' dir='ltr'>famu·</span> 
     </span>
     <span class='ocr_line' id='line_1_14' title="bbox 151 1360 1265 1441; baseline 0 -18"><span class='ocrx_word' id='word_1_103' title='bbox 151 1360 198 1423; x_wconf 71' lang='lat' dir='ltr'>lae</span> <span class='ocrx_word' id='word_1_104' title='bbox 208 1363 317 1423; x_wconf 79' lang='lat' dir='ltr'>Idcbas</span> <span class='ocrx_word' id='word_1_105' title='bbox 327 1372 528 1440; x_wconf 65' lang='lat' dir='ltr'>precatuum</span> <span class='ocrx_word' id='word_1_106' title='bbox 540 1364 661 1422; x_wconf 86' lang='lat' dir='ltr'>afferens</span> <span class='ocrx_word' id='word_1_107' title='bbox 670 1364 790 1431; x_wconf 82' lang='lat' dir='ltr'>donum,</span> <span class='ocrx_word' id='word_1_108' title='bbox 799 1365 939 1422; x_wconf 80' lang='lat' dir='ltr'>lethalem</span> <span class='ocrx_word' id='word_1_109' title='bbox 949 1366 1089 1431; x_wconf 87' lang='lat' dir='ltr'>tunicam,</span> <span class='ocrx_word' id='word_1_110' title='bbox 1100 1384 1190 1441; x_wconf 89' lang='lat' dir='ltr'>quam</span> <span class='ocrx_word' id='word_1_111' title='bbox 1204 1376 1265 1438; x_wconf 64' lang='grc' dir='ltr'>τσο</span> 
     </span>
     <span class='ocr_line' id='line_1_15' title="bbox 154 1442 1189 1519; baseline 0.005 -20"><span class='ocrx_word' id='word_1_112' title='bbox 154 1442 203 1499; x_wconf 87' lang='lat' dir='ltr'>ubi</span> <span class='ocrx_word' id='word_1_113' title='bbox 212 1442 322 1509; x_wconf 87' lang='lat' dir='ltr'>induit,</span> <span class='ocrx_word' id='word_1_114' title='bbox 330 1450 364 1499; x_wconf 91' lang='lat' dir='ltr'>ut</span> <span class='ocrx_word' id='word_1_115' title='bbox 377 1444 409 1499; x_wconf 90' lang='lat' dir='ltr'>in</span> <span class='ocrx_word' id='word_1_116' title='bbox 420 1443 563 1501; x_wconf 86' lang='lat' dir='ltr'>mandatis</span> <span class='ocrx_word' id='word_1_117' title='bbox 574 1443 703 1508; x_wconf 82' lang='lat' dir='ltr'>dederas,</span> <span class='ocrx_word' id='word_1_118' title='bbox 715 1451 823 1501; x_wconf 88' lang='lat' dir='ltr'>mactat</span> <span class='ocrx_word' id='word_1_119' title='bbox 832 1444 950 1519; x_wconf 89' lang='lat' dir='ltr'>quidem</span> <span class='ocrx_word' id='word_1_120' title='bbox 961 1451 1059 1500; x_wconf 87' lang='lat' dir='ltr'>tauros</span> <span class='ocrx_word' id='word_1_121' title='bbox 1066 1445 1189 1503; x_wconf 80' lang='lat' dir='ltr'>eximios</span> 
     </span>
     <span class='ocr_line' id='line_1_16' title="bbox 155 1518 1190 1597; baseline 0 -18"><span class='ocrx_word' id='word_1_122' title='bbox 155 1518 305 1579; x_wconf 82' lang='lat' dir='ltr'>duodecim</span> <span class='ocrx_word' id='word_1_123' title='bbox 316 1522 465 1596; x_wconf 73' lang='lat' dir='ltr'>prestanti</span> <span class='ocrx_word' id='word_1_124' title='bbox 477 1539 609 1596; x_wconf 88' lang='lat' dir='ltr'>corpore,</span> <span class='ocrx_word' id='word_1_125' title='bbox 622 1523 762 1596; x_wconf 86' lang='lat' dir='ltr'>primitias</span> <span class='ocrx_word' id='word_1_126' title='bbox 774 1523 879 1597; x_wconf 78' lang='lat' dir='ltr'>praedae</span> <span class='ocrx_word' id='word_1_127' title='bbox 886 1546 896 1592; x_wconf 78' lang='lat'>3</span> <span class='ocrx_word' id='word_1_128' title='bbox 911 1521 961 1579; x_wconf 80' lang='lat' dir='ltr'>aed</span> <span class='ocrx_word' id='word_1_129' title='bbox 970 1530 1089 1579; x_wconf 82' lang='lat' dir='ltr'>cunctas</span> <span class='ocrx_word' id='word_1_130' title='bbox 1101 1522 1190 1579; x_wconf 84' lang='lat' dir='ltr'>simul</span> 
     </span>
     <span class='ocr_line' id='line_1_17' title="bbox 157 1599 1266 1676; baseline 0.002 -19"><span class='ocrx_word' id='word_1_131' title='bbox 157 1599 282 1659; x_wconf 61' lang='lat' dir='ltr'>victimas</span> <span class='ocrx_word' id='word_1_132' title='bbox 292 1601 485 1676; x_wconf 77' lang='lat' dir='ltr'>omnigenum</span> <span class='ocrx_word' id='word_1_133' title='bbox 498 1600 643 1675; x_wconf 86' lang='lat' dir='ltr'>pecudum</span> <span class='ocrx_word' id='word_1_134' title='bbox 661 1602 718 1659; x_wconf 86' lang='lat' dir='ltr'>aris</span> <span class='ocrx_word' id='word_1_135' title='bbox 734 1601 860 1658; x_wconf 88' lang='lat' dir='ltr'>admovit</span> <span class='ocrx_word' id='word_1_136' title='bbox 874 1608 1002 1659; x_wconf 89' lang='lat' dir='ltr'>centum.</span> <span class='ocrx_word' id='word_1_137' title='bbox 1040 1599 1082 1661; x_wconf 87' lang='lat' dir='ltr'>Et</span> <span class='ocrx_word' id='word_1_138' title='bbox 1094 1602 1189 1676; x_wconf 84' lang='lat' dir='ltr'>primo</span> <span class='ocrx_word' id='word_1_139' title='bbox 1204 1610 1266 1672; x_wconf 65' lang='lat'>765</span> 
     </span>
     <span class='ocr_line' id='line_1_18' title="bbox 160 1678 1188 1756; baseline 0 -19"><span class='ocrx_word' id='word_1_140' title='bbox 160 1678 271 1754; x_wconf 71' lang='lat' dir='ltr'>qualem</span> <span class='ocrx_word' id='word_1_141' title='bbox 282 1679 371 1737; x_wconf 68' lang='lat' dir='ltr'>muer</span> <span class='ocrx_word' id='word_1_142' title='bbox 382 1680 468 1737; x_wconf 87' lang='lat' dir='ltr'>bilari</span> <span class='ocrx_word' id='word_1_143' title='bbox 478 1680 587 1745; x_wconf 87' lang='lat' dir='ltr'>animo,</span> <span class='ocrx_word' id='word_1_144' title='bbox 600 1689 763 1756; x_wconf 87' lang='lat' dir='ltr'>ornatuque</span> <span class='ocrx_word' id='word_1_145' title='bbox 774 1680 903 1755; x_wconf 81' lang='lat' dir='ltr'>gaudens</span> <span class='ocrx_word' id='word_1_146' title='bbox 911 1687 943 1737; x_wconf 90' lang='lat' dir='ltr'>et</span> <span class='ocrx_word' id='word_1_147' title='bbox 953 1680 1072 1745; x_wconf 88' lang='lat' dir='ltr'>amictu,</span> <span class='ocrx_word' id='word_1_148' title='bbox 1084 1679 1188 1739; x_wconf 82' lang='lat' dir='ltr'>funde-</span> 
     </span>
     <span class='ocr_line' id='line_1_19' title="bbox 158 1752 1189 1834; baseline 0 -19"><span class='ocrx_word' id='word_1_149' title='bbox 158 1752 206 1815; x_wconf 81' lang='lat' dir='ltr'>bat</span> <span class='ocrx_word' id='word_1_150' title='bbox 213 1774 332 1832; x_wconf 69' lang='lat' dir='ltr'>precere</span> <span class='ocrx_word' id='word_1_151' title='bbox 352 1757 404 1815; x_wconf 90' lang='lat' dir='ltr'>ubi</span> <span class='ocrx_word' id='word_1_152' title='bbox 415 1775 484 1815; x_wconf 86' lang='lat' dir='ltr'>vero</span> <span class='ocrx_word' id='word_1_153' title='bbox 495 1759 622 1815; x_wconf 85' lang='lat' dir='ltr'>cruentis</span> <span class='ocrx_word' id='word_1_154' title='bbox 634 1777 671 1815; x_wconf 84' lang='lat' dir='ltr'>ex</span> <span class='ocrx_word' id='word_1_155' title='bbox 683 1758 785 1816; x_wconf 87' lang='lat' dir='ltr'>hostiis</span> <span class='ocrx_word' id='word_1_156' title='bbox 797 1759 1010 1834; x_wconf 73' lang='lat' dir='ltr'>pinguibusque</span> <span class='ocrx_word' id='word_1_157' title='bbox 1021 1759 1109 1834; x_wconf 88' lang='lat' dir='ltr'>liguis</span> <span class='ocrx_word' id='word_1_158' title='bbox 1120 1757 1189 1815; x_wconf 87' lang='lat' dir='ltr'>snb·</span> 
     </span>
     <span class='ocr_line' id='line_1_20' title="bbox 160 1830 1190 1912; baseline 0.002 -19"><span class='ocrx_word' id='word_1_159' title='bbox 160 1830 213 1893; x_wconf 73' lang='lat' dir='ltr'>lau</span> <span class='ocrx_word' id='word_1_160' title='bbox 221 1837 345 1895; x_wconf 68' lang='lat' dir='ltr'>mutant</span> <span class='ocrx_word' id='word_1_161' title='bbox 353 1836 479 1902; x_wconf 85' lang='lat' dir='ltr'>flamma,</span> <span class='ocrx_word' id='word_1_162' title='bbox 488 1836 577 1894; x_wconf 88' lang='lat' dir='ltr'>sudor</span> <span class='ocrx_word' id='word_1_163' title='bbox 588 1837 721 1912; x_wconf 80' lang='lat' dir='ltr'>prorupit</span> <span class='ocrx_word' id='word_1_164' title='bbox 730 1846 823 1894; x_wconf 92' lang='lat' dir='ltr'>ecute</span> <span class='ocrx_word' id='word_1_165' title='bbox 830 1861 838 1906; x_wconf 71' lang='grc' dir='ltr'><strong>ς</strong></span> <span class='ocrx_word' id='word_1_166' title='bbox 854 1847 885 1893; x_wconf 93' lang='lat' dir='ltr'>et</span> <span class='ocrx_word' id='word_1_167' title='bbox 892 1836 1029 1894; x_wconf 89' lang='lat' dir='ltr'>lateribus</span> <span class='ocrx_word' id='word_1_168' title='bbox 1038 1836 1190 1895; x_wconf 84' lang='lat' dir='ltr'>membris-</span> 
     </span>
     <span class='ocr_line' id='line_1_21' title="bbox 163 1914 1266 1991; baseline 0 -18"><span class='ocrx_word' id='word_1_169' title='bbox 163 1928 210 1988; x_wconf 77' lang='lat' dir='ltr'>que</span> <span class='ocrx_word' id='word_1_170' title='bbox 217 1914 363 1982; x_wconf 83' lang='lat' dir='ltr'>ommbm,</span> <span class='ocrx_word' id='word_1_171' title='bbox 372 1922 512 1991; x_wconf 87' lang='lat' dir='ltr'>tanquam</span> <span class='ocrx_word' id='word_1_172' title='bbox 521 1916 545 1971; x_wconf 87' lang='lat' dir='ltr'>si</span> <span class='ocrx_word' id='word_1_173' title='bbox 557 1933 575 1972; x_wconf 89' lang='lat' dir='ltr'>a</span> <span class='ocrx_word' id='word_1_174' title='bbox 585 1915 669 1972; x_wconf 81' lang='lat' dir='ltr'>fabro</span> <span class='ocrx_word' id='word_1_175' title='bbox 678 1916 793 1991; x_wconf 82' lang='lat' dir='ltr'>glutine</span> <span class='ocrx_word' id='word_1_176' title='bbox 802 1915 939 1973; x_wconf 84' lang='lat' dir='ltr'>adstricta</span> <span class='ocrx_word' id='word_1_177' title='bbox 949 1915 1060 1983; x_wconf 81' lang='lat' dir='ltr'>luisset,</span> <span class='ocrx_word' id='word_1_178' title='bbox 1068 1915 1189 1987; x_wconf 69' lang='lat' dir='ltr'>adhesit</span> <span class='ocrx_word' id='word_1_179' title='bbox 1203 1927 1266 1988; x_wconf 73' lang='lat'>⁶770</span> 
     </span>
     <span class='ocr_line' id='line_1_22' title="bbox 163 1993 1262 2071; baseline 0.004 -20"><span class='ocrx_word' id='word_1_180' title='bbox 163 1993 269 2063; x_wconf 59' lang='lat' dir='ltr'>tutum</span> <span class='ocrx_word' id='word_1_181' title='bbox 282 2009 403 2068; x_wconf 89' lang='lat' dir='ltr'>ossaque</span> <span class='ocrx_word' id='word_1_182' title='bbox 415 1995 578 2071; x_wconf 80' lang='lat' dir='ltr'>penetravit</span> <span class='ocrx_word' id='word_1_183' title='bbox 589 1993 682 2060; x_wconf 87' lang='lat' dir='ltr'>dolor,</span> <span class='ocrx_word' id='word_1_184' title='bbox 695 1993 859 2051; x_wconf 86' lang='lat' dir='ltr'>convellens</span> <span class='ocrx_word' id='word_1_185' title='bbox 870 2002 960 2051; x_wconf 85' lang='lat' dir='ltr'>artus.</span> <span class='ocrx_word' id='word_1_186' title='bbox 997 1994 1130 2052; x_wconf 84' lang='lat' dir='ltr'>Tandem</span> <span class='ocrx_word' id='word_1_187' title='bbox 1138 1994 1190 2053; x_wconf 88' lang='lat' dir='ltr'>ubi</span> <span class='ocrx_word' id='word_1_188' title='bbox 1257 2045 1262 2055; x_wconf 92' lang='lat'><strong>.</strong></span> 
     </span>
     <span class='ocr_line' id='line_1_23' title="bbox 163 2071 1190 2149; baseline -0.002 -16"><span class='ocrx_word' id='word_1_189' title='bbox 163 2078 309 2133; x_wconf 64' lang='lat' dir='ltr'>mantum</span> <span class='ocrx_word' id='word_1_190' title='bbox 319 2071 431 2129; x_wconf 74' lang='lat' dir='ltr'>iniecta</span> <span class='ocrx_word' id='word_1_191' title='bbox 439 2080 561 2129; x_wconf 74' lang='lat' dir='ltr'>excetra</span> <span class='ocrx_word' id='word_1_192' title='bbox 571 2073 817 2149; x_wconf 86' lang='lat' dir='ltr'>virusdepascitur</span> <span class='ocrx_word' id='word_1_193' title='bbox 823 2073 974 2139; x_wconf 87' lang='lat' dir='ltr'>medullas,</span> <span class='ocrx_word' id='word_1_194' title='bbox 980 2080 1045 2130; x_wconf 90' lang='lat' dir='ltr'>tum</span> <span class='ocrx_word' id='word_1_195' title='bbox 1053 2074 1190 2133; x_wconf 85' lang='lat' dir='ltr'>inclamat</span> 
     </span>
     <span class='ocr_line' id='line_1_24' title="bbox 165 2144 1271 2228; baseline -0.001 -19"><span class='ocrx_word' id='word_1_196' title='bbox 165 2144 300 2209; x_wconf 64' lang='lat' dir='ltr'>meam</span> <span class='ocrx_word' id='word_1_197' title='bbox 318 2149 439 2216; x_wconf 71' lang='lat' dir='ltr'>Idcban,</span> <span class='ocrx_word' id='word_1_198' title='bbox 459 2153 587 2208; x_wconf 87' lang='lat' dir='ltr'>criminis</span> <span class='ocrx_word' id='word_1_199' title='bbox 609 2151 687 2209; x_wconf 87' lang='lat' dir='ltr'>baud</span> <span class='ocrx_word' id='word_1_200' title='bbox 704 2152 874 2226; x_wconf 85' lang='lat' dir='ltr'>participem</span> <span class='ocrx_word' id='word_1_201' title='bbox 887 2153 941 2217; x_wconf 90' lang='lat' dir='ltr'>tui,</span> <span class='ocrx_word' id='word_1_202' title='bbox 954 2151 1114 2228; x_wconf 75' lang='lat' dir='ltr'>quaeritque</span> <span class='ocrx_word' id='word_1_203' title='bbox 1126 2154 1189 2227; x_wconf 53' lang='lat' dir='ltr'>quis</span> <span class='ocrx_word' id='word_1_204' title='bbox 1204 2163 1271 2224; x_wconf 28' lang='lat'><em>⁴775-</em></span> 
     </span>
     <span class='ocr_line' id='line_1_25' title="bbox 167 2220 1191 2296; baseline 0 -9"><span class='ocrx_word' id='word_1_205' title='bbox 167 2220 277 2287; x_wconf 59' lang='lat' dir='ltr'>llum</span> <span class='ocrx_word' id='word_1_206' title='bbox 295 2228 371 2286; x_wconf 85' lang='lat' dir='ltr'>dolis</span> <span class='ocrx_word' id='word_1_207' title='bbox 391 2229 468 2287; x_wconf 88' lang='lat' dir='ltr'>banc</span> <span class='ocrx_word' id='word_1_208' title='bbox 488 2226 633 2287; x_wconf 80' lang='lat' dir='ltr'>attulisset</span> <span class='ocrx_word' id='word_1_209' title='bbox 649 2238 774 2289; x_wconf 86' lang='lat' dir='ltr'>vestem:</span> <span class='ocrx_word' id='word_1_210' title='bbox 795 2230 892 2287; x_wconf 83' lang='lat' dir='ltr'>atille</span> <span class='ocrx_word' id='word_1_211' title='bbox 904 2230 1010 2287; x_wconf 87' lang='lat' dir='ltr'>nullius</span> <span class='ocrx_word' id='word_1_212' title='bbox 1021 2231 1123 2287; x_wconf 84' lang='lat' dir='ltr'>infelix</span> <span class='ocrx_word' id='word_1_213' title='bbox 1134 2230 1191 2296; x_wconf 82' lang='lat' dir='ltr'>sibi</span> 
     </span>
     <span class='ocr_line' id='line_1_26' title="bbox 166 2306 1190 2375; baseline 0.004 -10"><span class='ocrx_word' id='word_1_214' title='bbox 166 2306 283 2365; x_wconf 68' lang='lat' dir='ltr'>meite</span> <span class='ocrx_word' id='word_1_215' title='bbox 292 2306 415 2374; x_wconf 75' lang='lat' dir='ltr'>bandis,</span> <span class='ocrx_word' id='word_1_216' title='bbox 428 2315 514 2366; x_wconf 90' lang='lat' dir='ltr'>tuum</span> <span class='ocrx_word' id='word_1_217' title='bbox 533 2309 621 2367; x_wconf 81' lang='lat' dir='ltr'>solius</span> <span class='ocrx_word' id='word_1_218' title='bbox 639 2308 750 2367; x_wconf 88' lang='lat' dir='ltr'>donum</span> <span class='ocrx_word' id='word_1_219' title='bbox 763 2308 918 2375; x_wconf 83' lang='lat' dir='ltr'>essedixit,</span> <span class='ocrx_word' id='word_1_220' title='bbox 932 2317 1000 2365; x_wconf 89' lang='lat' dir='ltr'>uta</span> <span class='ocrx_word' id='word_1_221' title='bbox 1020 2318 1051 2365; x_wconf 87' lang='lat' dir='ltr'>te</span> <span class='ocrx_word' id='word_1_222' title='bbox 1068 2310 1190 2369; x_wconf 79' lang='lat' dir='ltr'>missum</span> 
     </span>
     <span class='ocr_line' id='line_1_27' title="bbox 167 2378 1191 2453; baseline 0.002 -8"><span class='ocrx_word' id='word_1_223' title='bbox 167 2378 258 2445; x_wconf 72' lang='lat' dir='ltr'>luat</span> <span class='ocrx_word' id='word_1_224' title='bbox 295 2384 385 2447; x_wconf 77' lang='lat' dir='ltr'>Quod</span> <span class='ocrx_word' id='word_1_225' title='bbox 396 2385 448 2444; x_wconf 91' lang='lat' dir='ltr'>ubi</span> <span class='ocrx_word' id='word_1_226' title='bbox 458 2386 578 2453; x_wconf 90' lang='lat' dir='ltr'>audivit,</span> <span class='ocrx_word' id='word_1_227' title='bbox 590 2389 651 2444; x_wconf 88' lang='lat' dir='ltr'>acri</span> <span class='ocrx_word' id='word_1_228' title='bbox 661 2389 805 2445; x_wconf 87' lang='lat' dir='ltr'>cruciatus</span> <span class='ocrx_word' id='word_1_229' title='bbox 816 2387 917 2445; x_wconf 89' lang='lat' dir='ltr'>dolore</span> <span class='ocrx_word' id='word_1_230' title='bbox 930 2387 1033 2445; x_wconf 86' lang='lat' dir='ltr'>intima</span> <span class='ocrx_word' id='word_1_231' title='bbox 1045 2387 1191 2447; x_wconf 80' lang='lat' dir='ltr'>lacerante</span> 
     </span>
     <span class='ocr_line' id='line_1_28' title="bbox 169 2460 1265 2543; baseline 0 -20"><span class='ocrx_word' id='word_1_232' title='bbox 169 2462 273 2531; x_wconf 62' lang='lat' dir='ltr'>bura,</span> <span class='ocrx_word' id='word_1_233' title='bbox 293 2465 469 2539; x_wconf 83' lang='lat' dir='ltr'>prehensum</span> <span class='ocrx_word' id='word_1_234' title='bbox 489 2465 563 2540; x_wconf 84' lang='lat' dir='ltr'>pede</span> <span class='ocrx_word' id='word_1_235' title='bbox 584 2465 708 2531; x_wconf 83' lang='lat' dir='ltr'>Lichan,</span> <span class='ocrx_word' id='word_1_236' title='bbox 727 2485 786 2543; x_wconf 80' lang='lat' dir='ltr'>qua</span> <span class='ocrx_word' id='word_1_237' title='bbox 803 2466 929 2525; x_wconf 83' lang='lat' dir='ltr'>flectitur</span> <span class='ocrx_word' id='word_1_238' title='bbox 940 2460 1191 2536; x_wconf 77' lang='lat' dir='ltr'>cuuis-junctum,</span> <span class='ocrx_word' id='word_1_239' title='bbox 1204 2474 1265 2536; x_wconf 66' lang='lat'>780</span> 
     </span>
     <span class='ocr_line' id='line_1_29' title="bbox 168 2538 1191 2620; baseline 0.003 -20"><span class='ocrx_word' id='word_1_240' title='bbox 168 2538 246 2601; x_wconf 71' lang='lat' dir='ltr'>allidit</span> <span class='ocrx_word' id='word_1_241' title='bbox 256 2542 296 2601; x_wconf 88' lang='lat' dir='ltr'>ad</span> <span class='ocrx_word' id='word_1_242' title='bbox 313 2543 530 2618; x_wconf 84' lang='lat' dir='ltr'>prominentem</span> <span class='ocrx_word' id='word_1_243' title='bbox 542 2546 574 2601; x_wconf 88' lang='lat' dir='ltr'>io</span> <span class='ocrx_word' id='word_1_244' title='bbox 589 2546 663 2603; x_wconf 85' lang='lat' dir='ltr'>mari</span> <span class='ocrx_word' id='word_1_245' title='bbox 674 2546 835 2620; x_wconf 82' lang='lat' dir='ltr'>scopultuu,</span> <span class='ocrx_word' id='word_1_246' title='bbox 847 2545 999 2620; x_wconf 84' lang='lat' dir='ltr'>fractoque</span> <span class='ocrx_word' id='word_1_247' title='bbox 1010 2544 1105 2619; x_wconf 89' lang='lat' dir='ltr'>capite</span> <span class='ocrx_word' id='word_1_248' title='bbox 1117 2545 1191 2603; x_wconf 81' lang='lat' dir='ltr'>mix·</span> 
     </span>
     <span class='ocr_line' id='line_1_30' title="bbox 168 2622 1266 2700; baseline 0.007 -21"><span class='ocrx_word' id='word_1_249' title='bbox 168 2622 220 2679; x_wconf 77' lang='lat' dir='ltr'>tam</span> <span class='ocrx_word' id='word_1_250' title='bbox 237 2623 380 2697; x_wconf 69' lang='lat' dir='ltr'>augauno</span> <span class='ocrx_word' id='word_1_251' title='bbox 395 2629 427 2680; x_wconf 91' lang='lat' dir='ltr'>et</span> <span class='ocrx_word' id='word_1_252' title='bbox 437 2623 547 2699; x_wconf 88' lang='lat' dir='ltr'>capillis</span> <span class='ocrx_word' id='word_1_253' title='bbox 558 2624 877 2700; x_wconf 72' lang='lat' dir='ltr'>cerebrumdispergit,</span> <span class='ocrx_word' id='word_1_254' title='bbox 914 2623 1071 2683; x_wconf 80' lang='lat' dir='ltr'>Universae</span> <span class='ocrx_word' id='word_1_255' title='bbox 1093 2630 1193 2687; x_wconf 77' lang='lat' dir='ltr'>autem</span> <span class='ocrx_word' id='word_1_256' title='bbox 1206 2629 1266 2695; x_wconf 67' lang='lat'>2⁵85</span> 
     </span>
     <span class='ocr_line' id='line_1_31' title="bbox 169 2694 1193 2777; baseline 0 -18"><span class='ocrx_word' id='word_1_257' title='bbox 169 2699 326 2759; x_wconf 66' lang='lat' dir='ltr'>affluunt</span> <span class='ocrx_word' id='word_1_258' title='bbox 335 2718 404 2757; x_wconf 75' lang='lat' dir='ltr'>mm</span> <span class='ocrx_word' id='word_1_259' title='bbox 420 2701 491 2760; x_wconf 87' lang='lat' dir='ltr'>fletu</span> <span class='ocrx_word' id='word_1_260' title='bbox 511 2703 646 2777; x_wconf 90' lang='lat' dir='ltr'>populus,</span> <span class='ocrx_word' id='word_1_261' title='bbox 663 2712 694 2760; x_wconf 85' lang='lat' dir='ltr'>et</span> <span class='ocrx_word' id='word_1_262' title='bbox 713 2702 817 2761; x_wconf 90' lang='lat' dir='ltr'>morbo</span> <span class='ocrx_word' id='word_1_263' title='bbox 833 2702 1015 2761; x_wconf 83' lang='lat' dir='ltr'>laborantem</span> <span class='ocrx_word' id='word_1_264' title='bbox 1026 2694 1193 2761; x_wconf 87' lang='lat' dir='ltr'>herum&#39;de-</span> 
     </span>
     <span class='ocr_line' id='line_1_32' title="bbox 169 2774 1194 2858; baseline 0.002 -21"><span class='ocrx_word' id='word_1_265' title='bbox 169 2774 282 2850; x_wconf 64' lang='lat' dir='ltr'>pam,</span> <span class='ocrx_word' id='word_1_266' title='bbox 293 2785 325 2837; x_wconf 92' lang='lat' dir='ltr'>et</span> <span class='ocrx_word' id='word_1_267' title='bbox 336 2788 432 2836; x_wconf 89' lang='lat' dir='ltr'>morte</span> <span class='ocrx_word' id='word_1_268' title='bbox 445 2781 604 2839; x_wconf 83' lang='lat' dir='ltr'>multatum</span> <span class='ocrx_word' id='word_1_269' title='bbox 615 2781 758 2839; x_wconf 71' lang='lat' dir='ltr'>famulum</span> <span class='ocrx_word' id='word_1_270' title='bbox 765 2805 773 2852; x_wconf 78' lang='lat'>5</span> <span class='ocrx_word' id='word_1_271' title='bbox 789 2799 842 2839; x_wconf 88' lang='lat' dir='ltr'>nec</span> <span class='ocrx_word' id='word_1_272' title='bbox 855 2781 1007 2858; x_wconf 86' lang='lat' dir='ltr'>quisquam</span> <span class='ocrx_word' id='word_1_273' title='bbox 1019 2781 1143 2841; x_wconf 89' lang='lat' dir='ltr'>audebat</span> <span class='ocrx_word' id='word_1_274' title='bbox 1156 2780 1194 2839; x_wconf 87' lang='lat' dir='ltr'>ad</span> 
     </span>
     <span class='ocr_line' id='line_1_33' title="bbox 169 2852 1264 2936; baseline 0.002 -19"><span class='ocrx_word' id='word_1_275' title='bbox 169 2852 250 2917; x_wconf 58' lang='lat' dir='ltr'>&#39;bum</span> <span class='ocrx_word' id='word_1_276' title='bbox 273 2857 418 2916; x_wconf 75' lang='lat' dir='ltr'>moadeca</span> <span class='ocrx_word' id='word_1_277' title='bbox 457 2859 594 2936; x_wconf 88' lang='lat' dir='ltr'>Namque</span> <span class='ocrx_word' id='word_1_278' title='bbox 618 2860 772 2919; x_wconf 86' lang='lat' dir='ltr'>convulsus</span> <span class='ocrx_word' id='word_1_279' title='bbox 793 2860 894 2929; x_wconf 88' lang='lat' dir='ltr'>dolore</span> <span class='ocrx_word' id='word_1_280' title='bbox 917 2860 1006 2921; x_wconf 86' lang='lat' dir='ltr'>modo</span> <span class='ocrx_word' id='word_1_281' title='bbox 1026 2860 1194 2917; x_wconf 86' lang='lat' dir='ltr'>volvebatur</span> <span class='ocrx_word' id='word_1_282' title='bbox 1220 2919 1233 2927; x_wconf 70' lang='grc'>,,</span> <span class='ocrx_word' id='word_1_283' title='bbox 1261 2914 1264 2919; x_wconf 93' lang='grc'>.</span> 
     </span>
     <span class='ocr_line' id='line_1_34' title="bbox 170 2927 1194 3014; baseline 0.001 -19"><span class='ocrx_word' id='word_1_284' title='bbox 170 2927 248 3004; x_wconf 75' lang='lat' dir='ltr'>llari,</span> <span class='ocrx_word' id='word_1_285' title='bbox 262 2936 352 2995; x_wconf 89' lang='lat' dir='ltr'>modo</span> <span class='ocrx_word' id='word_1_286' title='bbox 371 2954 469 2995; x_wconf 84' lang='lat' dir='ltr'>sursus</span> <span class='ocrx_word' id='word_1_287' title='bbox 495 2939 670 3014; x_wconf 85' lang='lat' dir='ltr'>erigebatur,</span> <span class='ocrx_word' id='word_1_288' title='bbox 689 2939 825 3002; x_wconf 87' lang='lat' dir='ltr'>clamans,</span> <span class='ocrx_word' id='word_1_289' title='bbox 848 2934 977 3010; x_wconf 82' lang='lat' dir='ltr'>ejulans:</span> <span class='ocrx_word' id='word_1_290' title='bbox 999 2939 1109 2997; x_wconf 86' lang='lat' dir='ltr'>circum</span> <span class='ocrx_word' id='word_1_291' title='bbox 1125 2954 1194 2996; x_wconf 84' lang='lat' dir='ltr'>vero</span> 
     </span>
     <span class='ocr_line' id='line_1_35' title="bbox 168 3013 1269 3095; baseline 0.004 -20"><span class='ocrx_word' id='word_1_292' title='bbox 168 3014 360 3095; x_wconf 62' lang='lat' dir='ltr'>ungebant</span> <span class='ocrx_word' id='word_1_293' title='bbox 369 3017 491 3092; x_wconf 80' lang='lat' dir='ltr'>scopuli,</span> <span class='ocrx_word' id='word_1_294' title='bbox 510 3016 704 3081; x_wconf 75' lang='lat' dir='ltr'>locrensium</span> <span class='ocrx_word' id='word_1_295' title='bbox 714 3013 789 3092; x_wconf 69' lang='lat' dir='ltr'>iuga</span> <span class='ocrx_word' id='word_1_296' title='bbox 802 3018 934 3091; x_wconf 79' lang='lat' dir='ltr'>rupium,</span> <span class='ocrx_word' id='word_1_297' title='bbox 946 3028 976 3074; x_wconf 88' lang='lat' dir='ltr'>ct</span> <span class='ocrx_word' id='word_1_298' title='bbox 988 3017 1109 3075; x_wconf 75' lang='lat' dir='ltr'>Euboeae</span> <span class='ocrx_word' id='word_1_299' title='bbox 1125 3034 1194 3092; x_wconf 81' lang='lat' dir='ltr'>pro·</span> <span class='ocrx_word' id='word_1_300' title='bbox 1207 3023 1269 3084; x_wconf 85' lang='grc'>790</span> 
     </span>
     <span class='ocr_line' id='line_1_36' title="bbox 169 3094 1195 3184; baseline 0.002 -33"><span class='ocrx_word' id='word_1_301' title='bbox 169 3095 312 3155; x_wconf 72' lang='lat' dir='ltr'>matoria.</span> <span class='ocrx_word' id='word_1_302' title='bbox 331 3094 488 3184; x_wconf 87' lang='lat' dir='ltr'>Postquam</span> <span class='ocrx_word' id='word_1_303' title='bbox 501 3113 570 3152; x_wconf 87' lang='lat' dir='ltr'>reru</span> <span class='ocrx_word' id='word_1_304' title='bbox 580 3097 779 3170; x_wconf 80' lang='lat' dir='ltr'>misercorpn&#39;a</span> <span class='ocrx_word' id='word_1_305' title='bbox 789 3095 872 3153; x_wconf 89' lang='lat' dir='ltr'>humi</span> <span class='ocrx_word' id='word_1_306' title='bbox 882 3095 986 3155; x_wconf 86' lang='lat' dir='ltr'>crebro</span> <span class='ocrx_word' id='word_1_307' title='bbox 994 3097 1107 3163; x_wconf 83' lang='lat' dir='ltr'>stravit,</span> <span class='ocrx_word' id='word_1_308' title='bbox 1118 3096 1195 3155; x_wconf 79' lang='lat' dir='ltr'>mu·-</span> 
     </span>
     <span class='ocr_line' id='line_1_37' title="bbox 169 3172 1265 3249; baseline 0 -18"><span class='ocrx_word' id='word_1_309' title='bbox 169 3172 246 3248; x_wconf 69' lang='lat' dir='ltr'>ltque</span> <span class='ocrx_word' id='word_1_310' title='bbox 256 3173 384 3233; x_wconf 79' lang='lat' dir='ltr'>clamore</span> <span class='ocrx_word' id='word_1_311' title='bbox 392 3174 519 3247; x_wconf 68' lang='lat' dir='ltr'>eiulatus</span> <span class='ocrx_word' id='word_1_312' title='bbox 530 3174 867 3242; x_wconf 78' lang='lat' dir='ltr'>edidit,.omu&#39;tmnvicio</span> <span class='ocrx_word' id='word_1_313' title='bbox 879 3179 944 3231; x_wconf 86' lang='lat' dir='ltr'>tuas</span> <span class='ocrx_word' id='word_1_314' title='bbox 956 3175 1068 3233; x_wconf 78' lang='lat' dir='ltr'>misera</span> <span class='ocrx_word' id='word_1_315' title='bbox 1078 3175 1194 3249; x_wconf 82' lang='lat' dir='ltr'>nuptias</span> <span class='ocrx_word' id='word_1_316' title='bbox 1235 3232 1238 3237; x_wconf 83' lang='grc'>,</span> <span class='ocrx_word' id='word_1_317' title='bbox 1255 3198 1265 3241; x_wconf 64' lang='grc' dir='ltr'>ν,</span> 
     </span>
     <span class='ocr_line' id='line_1_38' title="bbox 168 3244 1267 3330; baseline 0.006 -23"><span class='ocrx_word' id='word_1_318' title='bbox 168 3244 326 3317; x_wconf 80' lang='lat' dir='ltr'>tlctestatus,</span> <span class='ocrx_word' id='word_1_319' title='bbox 333 3250 480 3330; x_wconf 68' lang='lat' dir='ltr'>OEndque</span> <span class='ocrx_word' id='word_1_320' title='bbox 489 3253 671 3317; x_wconf 86' lang='lat' dir='ltr'>affinitatem,</span> <span class='ocrx_word' id='word_1_321' title='bbox 676 3252 797 3329; x_wconf 82' lang='lat' dir='ltr'>qualem</span> <span class='ocrx_word' id='word_1_322' title='bbox 804 3260 909 3313; x_wconf 75' lang='lat' dir='ltr'>neema</span> <span class='ocrx_word' id='word_1_323' title='bbox 919 3261 995 3317; x_wconf 73' lang='lat' dir='ltr'>essct</span> <span class='ocrx_word' id='word_1_324' title='bbox 1004 3261 1117 3330; x_wconf 76' lang='lat' dir='ltr'>pestem</span> <span class='ocrx_word' id='word_1_325' title='bbox 1126 3253 1194 3321; x_wconf 62' lang='lat' dir='ltr'>vita</span> <span class='ocrx_word' id='word_1_326' title='bbox 1207 3258 1267 3321; x_wconf 75' lang='lat'>79⁵</span> 
     </span>
     <span class='ocr_line' id='line_1_39' title="bbox 168 3329 1298 3409; baseline -0.001 -20"><span class='ocrx_word' id='word_1_327' title='bbox 168 3340 225 3397; x_wconf 66' lang='grc' dir='ltr'>Ιι,</span> <span class='ocrx_word' id='word_1_328' title='bbox 245 3330 300 3389; x_wconf 88' lang='lat' dir='ltr'>ubi</span> <span class='ocrx_word' id='word_1_329' title='bbox 318 3329 428 3391; x_wconf 75' lang='lat' dir='ltr'>itactm</span> <span class='ocrx_word' id='word_1_330' title='bbox 445 3331 554 3393; x_wconf 74' lang='lat' dir='ltr'>virius</span> <span class='ocrx_word' id='word_1_331' title='bbox 574 3332 693 3409; x_wconf 86' lang='lat' dir='ltr'>resedit,</span> <span class='ocrx_word' id='word_1_332' title='bbox 714 3341 781 3391; x_wconf 91' lang='lat' dir='ltr'>tum</span> <span class='ocrx_word' id='word_1_333' title='bbox 790 3331 948 3391; x_wconf 87' lang='lat' dir='ltr'>distortum</span> <span class='ocrx_word' id='word_1_334' title='bbox 963 3332 1082 3393; x_wconf 60' lang='lat' dir='ltr'>nemum</span> <span class='ocrx_word' id='word_1_335' title='bbox 1098 3330 1195 3391; x_wconf 83' lang='lat' dir='ltr'>morbi</span> <span class='ocrx_word' id='word_1_336' title='bbox 1293 3338 1298 3363; x_wconf 82' lang='lat'>¹</span> 
     </span>
     <span class='ocr_line' id='line_1_40' title="bbox 170 3408 1195 3485; baseline 0 -18"><span class='ocrx_word' id='word_1_337' title='bbox 170 3411 287 3467; x_wconf 65' lang='lat' dir='ltr'>mrbum</span> <span class='ocrx_word' id='word_1_338' title='bbox 296 3408 421 3485; x_wconf 82' lang='lat' dir='ltr'>caligine</span> <span class='ocrx_word' id='word_1_339' title='bbox 431 3411 576 3477; x_wconf 87' lang='lat' dir='ltr'>attollens,</span> <span class='ocrx_word' id='word_1_340' title='bbox 590 3410 668 3468; x_wconf 81' lang='lat' dir='ltr'>videt</span> <span class='ocrx_word' id='word_1_341' title='bbox 680 3428 731 3467; x_wconf 86' lang='lat' dir='ltr'>me</span> <span class='ocrx_word' id='word_1_342' title='bbox 741 3409 828 3469; x_wconf 88' lang='lat' dir='ltr'>turba</span> <span class='ocrx_word' id='word_1_343' title='bbox 845 3411 878 3469; x_wconf 87' lang='lat' dir='ltr'>in</span> <span class='ocrx_word' id='word_1_344' title='bbox 893 3410 989 3469; x_wconf 81' lang='lat' dir='ltr'>mtrlta</span> <span class='ocrx_word' id='word_1_345' title='bbox 999 3411 1130 3485; x_wconf 73' lang='lat' dir='ltr'>lacrymis</span> <span class='ocrx_word' id='word_1_346' title='bbox 1142 3424 1195 3477; x_wconf 78' lang='lat' dir='ltr'>ora</span> 
     </span>
     <span class='ocr_line' id='line_1_41' title="bbox 167 3484 1267 3563; baseline -0.001 -19"><span class='ocrx_word' id='word_1_347' title='bbox 167 3484 704 3563; x_wconf 74' lang='lat' dir='ltr'>rlqmtem,etmecompectumvocet.</span> <span class='ocrx_word' id='word_1_348' title='bbox 726 3488 1096 3563; x_wconf 77' lang='lat' dir='ltr'>Onote,uecede,aefqgius</span> <span class='ocrx_word' id='word_1_349' title='bbox 1104 3504 1195 3543; x_wconf 71' lang='lat' dir='ltr'>merua</span> <span class='ocrx_word' id='word_1_350' title='bbox 1238 3516 1267 3563; x_wconf 73' lang='lat' dir='ltr'>‚t</span> 
     </span>
     <span class='ocr_line' id='line_1_42' title="bbox 152 3567 1269 3641; baseline 0.005 -19"><span class='ocrx_word' id='word_1_351' title='bbox 152 3567 273 3631; x_wconf 60' lang='lat' dir='ltr'>&#39;enlm</span> <span class='ocrx_word' id='word_1_352' title='bbox 295 3583 330 3622; x_wconf 78' lang='lat' dir='ltr'>ae</span> <span class='ocrx_word' id='word_1_353' title='bbox 351 3568 503 3639; x_wconf 63' lang='lat' dir='ltr'>quidemst</span> <span class='ocrx_word' id='word_1_354' title='bbox 521 3575 549 3624; x_wconf 84' lang='lat' dir='ltr'>te</span> <span class='ocrx_word' id='word_1_355' title='bbox 564 3586 669 3625; x_wconf 83' lang='lat' dir='ltr'>mecum</span> <span class='ocrx_word' id='word_1_356' title='bbox 687 3575 761 3627; x_wconf 72' lang='lat' dir='ltr'>murt</span> <span class='ocrx_word' id='word_1_357' title='bbox 779 3575 924 3641; x_wconf 82' lang='lat' dir='ltr'>oporteat:</span> <span class='ocrx_word' id='word_1_358' title='bbox 942 3568 1195 3625; x_wconf 64' lang='lat' dir='ltr'>seductarum-ue</span> <span class='ocrx_word' id='word_1_359' title='bbox 1209 3573 1269 3628; x_wconf 83' lang='grc'>800</span> 
     </span>
     <span class='ocr_line' id='line_1_43' title="bbox 166 3640 1195 3727; baseline 0 -26"><span class='ocrx_word' id='word_1_360' title='bbox 166 3640 222 3701; x_wconf 77' lang='lat' dir='ltr'>liae</span> <span class='ocrx_word' id='word_1_361' title='bbox 233 3643 324 3720; x_wconf 80' lang='lat' dir='ltr'>auser,</span> <span class='ocrx_word' id='word_1_362' title='bbox 337 3651 374 3710; x_wconf 79' lang='lat' dir='ltr'>et,</span> <span class='ocrx_word' id='word_1_363' title='bbox 387 3647 413 3700; x_wconf 79' lang='lat' dir='ltr'>si</span> <span class='ocrx_word' id='word_1_364' title='bbox 424 3653 510 3718; x_wconf 82' lang='lat' dir='ltr'>poter,</span> <span class='ocrx_word' id='word_1_365' title='bbox 524 3647 584 3702; x_wconf 84' lang='lat' dir='ltr'>illic</span> <span class='ocrx_word' id='word_1_366' title='bbox 597 3665 640 3702; x_wconf 83' lang='lat' dir='ltr'>me</span> <span class='ocrx_word' id='word_1_367' title='bbox 652 3648 762 3727; x_wconf 74' lang='lat' dir='ltr'>depoqe,</span> <span class='ocrx_word' id='word_1_368' title='bbox 776 3648 822 3702; x_wconf 80' lang='lat' dir='ltr'>abi</span> <span class='ocrx_word' id='word_1_369' title='bbox 833 3664 876 3702; x_wconf 83' lang='lat' dir='ltr'>me</span> <span class='ocrx_word' id='word_1_370' title='bbox 894 3664 973 3701; x_wconf 79' lang='lat' dir='ltr'>cento</span> <span class='ocrx_word' id='word_1_371' title='bbox 985 3647 1077 3702; x_wconf 83' lang='lat' dir='ltr'>uideat</span> <span class='ocrx_word' id='word_1_372' title='bbox 1089 3651 1195 3713; x_wconf 75' lang='lat' dir='ltr'>morib·</span> 
     </span>
     <span class='ocr_line' id='line_1_44' title="bbox 165 3722 1195 3799; baseline 0 -20"><span class='ocrx_word' id='word_1_373' title='bbox 165 3722 244 3780; x_wconf 64' lang='lat' dir='ltr'>lum:</span> <span class='ocrx_word' id='word_1_374' title='bbox 266 3729 298 3778; x_wconf 83' lang='lat' dir='ltr'>ol</span> <span class='ocrx_word' id='word_1_375' title='bbox 309 3725 335 3778; x_wconf 81' lang='lat' dir='ltr'>ai</span> <span class='ocrx_word' id='word_1_376' title='bbox 346 3729 373 3778; x_wconf 85' lang='lat' dir='ltr'>te</span> <span class='ocrx_word' id='word_1_377' title='bbox 389 3727 498 3780; x_wconf 81' lang='lat' dir='ltr'>miseret</span> <span class='ocrx_word' id='word_1_378' title='bbox 516 3727 581 3790; x_wconf 84' lang='lat' dir='ltr'>mei,</span> <span class='ocrx_word' id='word_1_379' title='bbox 598 3726 696 3781; x_wconf 77' lang='lat' dir='ltr'>saltent</span> <span class='ocrx_word' id='word_1_380' title='bbox 709 3741 742 3781; x_wconf 76' lang='lat' dir='ltr'>er</span> <span class='ocrx_word' id='word_1_381' title='bbox 755 3725 806 3782; x_wconf 82' lang='lat' dir='ltr'>lrnc</span> <span class='ocrx_word' id='word_1_382' title='bbox 818 3724 912 3780; x_wconf 76' lang='lat' dir='ltr'>insula</span> <span class='ocrx_word' id='word_1_383' title='bbox 924 3722 1045 3799; x_wconf 72' lang='lat' dir='ltr'>transfer</span> <span class='ocrx_word' id='word_1_384' title='bbox 1054 3742 1100 3787; x_wconf 78' lang='lat' dir='ltr'>-tne</span> <span class='ocrx_word' id='word_1_385' title='bbox 1112 3728 1195 3798; x_wconf 78' lang='lat' dir='ltr'>quoni</span> 
     </span>
    </p>
   </div>
   <div class='ocr_carea' id='block_1_3' title="bbox 163 3801 1386 3868">
    <p class='ocr_par' dir='ltr' id='par_1_3' title="bbox 163 3801 1386 3868">
     <span class='ocr_line' id='line_1_45' title="bbox 163 3801 1386 3868; baseline 0.006 -11"><span class='ocrx_word' id='word_1_386' title='bbox 163 3801 428 3866; x_wconf 63' lang='lat' dir='ltr'>commacerare</span> <span class='ocrx_word' id='word_1_387' title='bbox 445 3801 490 3858; x_wconf 76' lang='lat' dir='ltr'>bic</span> <span class='ocrx_word' id='word_1_388' title='bbox 505 3806 577 3858; x_wconf 78' lang='lat' dir='ltr'>mori</span> <span class='ocrx_word' id='word_1_389' title='bbox 593 3805 659 3859; x_wconf 82' lang='lat' dir='ltr'>sine.</span> <span class='ocrx_word' id='word_1_390' title='bbox 698 3801 798 3863; x_wconf 78' lang='lat' dir='ltr'>Quum</span> <span class='ocrx_word' id='word_1_391' title='bbox 820 3803 882 3859; x_wconf 79' lang='lat' dir='ltr'>baec</span> <span class='ocrx_word' id='word_1_392' title='bbox 903 3801 1035 3859; x_wconf 86' lang='lat' dir='ltr'>dedisset.</span> <span class='ocrx_word' id='word_1_393' title='bbox 1048 3803 1194 3868; x_wconf 80' lang='lat' dir='ltr'>mandata,</span> <span class='ocrx_word' id='word_1_394' title='bbox 1210 3808 1268 3864; x_wconf 82' lang='lat'>805</span> <span class='ocrx_word' id='word_1_395' title='bbox 1383 3806 1386 3813; x_wconf 84' lang='lat'>&#39;</span> 
     </span>
    </p>
   </div>
   <div class='ocr_carea' id='block_1_4' title="bbox 154 3877 1293 4351">
    <p class='ocr_par' dir='ltr' id='par_1_4' title="bbox 154 3877 1293 4351">
     <span class='ocr_line' id='line_1_46' title="bbox 161 3877 1195 3957; baseline 0 -20"><span class='ocrx_word' id='word_1_396' title='bbox 161 3878 219 3937; x_wconf 74' lang='lat' dir='ltr'>rate</span> <span class='ocrx_word' id='word_1_397' title='bbox 232 3881 265 3936; x_wconf 90' lang='lat' dir='ltr'>in</span> <span class='ocrx_word' id='word_1_398' title='bbox 276 3877 554 3957; x_wconf 84' lang='lat' dir='ltr'>medisimpositnm</span> <span class='ocrx_word' id='word_1_399' title='bbox 570 3880 654 3938; x_wconf 90' lang='lat' dir='ltr'>illum</span> <span class='ocrx_word' id='word_1_400' title='bbox 667 3880 704 3938; x_wconf 89' lang='lat' dir='ltr'>ad</span> <span class='ocrx_word' id='word_1_401' title='bbox 717 3881 796 3940; x_wconf 83' lang='lat' dir='ltr'>banc</span> <span class='ocrx_word' id='word_1_402' title='bbox 804 3898 886 3938; x_wconf 89' lang='lat' dir='ltr'>oram</span> <span class='ocrx_word' id='word_1_403' title='bbox 901 3883 947 3939; x_wconf 82' lang='lat' dir='ltr'>vix</span> <span class='ocrx_word' id='word_1_404' title='bbox 957 3879 1132 3955; x_wconf 86' lang='lat' dir='ltr'>appulimus,</span> <span class='ocrx_word' id='word_1_405' title='bbox 1145 3897 1195 3937; x_wconf 88' lang='lat' dir='ltr'>ru·</span> 
     </span>
     <span class='ocr_line' id='line_1_47' title="bbox 159 3957 1197 4035; baseline 0.001 -20"><span class='ocrx_word' id='word_1_406' title='bbox 159 3961 289 4035; x_wconf 83' lang='lat' dir='ltr'>gientem</span> <span class='ocrx_word' id='word_1_407' title='bbox 301 3957 418 4014; x_wconf 76' lang='lat' dir='ltr'>doloret</span> <span class='ocrx_word' id='word_1_408' title='bbox 439 3967 470 4014; x_wconf 88' lang='lat' dir='ltr'>et</span> <span class='ocrx_word' id='word_1_409' title='bbox 486 3960 582 4033; x_wconf 90' lang='lat' dir='ltr'>ipsum</span> <span class='ocrx_word' id='word_1_410' title='bbox 603 3968 745 4026; x_wconf 90' lang='lat' dir='ltr'>actutum,</span> <span class='ocrx_word' id='word_1_411' title='bbox 766 3960 811 4016; x_wconf 91' lang='lat' dir='ltr'>vel</span> <span class='ocrx_word' id='word_1_412' title='bbox 830 3959 928 4016; x_wconf 85' lang='lat' dir='ltr'>vivum</span> <span class='ocrx_word' id='word_1_413' title='bbox 946 3959 1197 4033; x_wconf 86' lang='lat' dir='ltr'>conspicietis,·vel</span> 
     </span>
     <span class='ocr_line' id='line_1_48' title="bbox 159 4035 1195 4112; baseline -0.004 -16"><span class='ocrx_word' id='word_1_414' title='bbox 159 4037 248 4096; x_wconf 85' lang='lat' dir='ltr'>modo</span> <span class='ocrx_word' id='word_1_415' title='bbox 266 4043 426 4094; x_wconf 88' lang='lat' dir='ltr'>mortuum.</span> <span class='ocrx_word' id='word_1_416' title='bbox 464 4035 589 4094; x_wconf 79' lang='lat' dir='ltr'>Tallaia</span> <span class='ocrx_word' id='word_1_417' title='bbox 601 4046 833 4112; x_wconf 84' lang='lat' dir='ltr'>patremmeum</span> <span class='ocrx_word' id='word_1_418' title='bbox 845 4037 1079 4112; x_wconf 85' lang='lat' dir='ltr'>deprehenderis,</span> <span class='ocrx_word' id='word_1_419' title='bbox 1093 4044 1195 4103; x_wconf 88' lang='lat' dir='ltr'>mater,</span> 
     </span>
     <span class='ocr_line' id='line_1_49' title="bbox 156 4114 1271 4193; baseline 0.002 -21"><span class='ocrx_word' id='word_1_420' title='bbox 156 4123 188 4172; x_wconf 89' lang='lat' dir='ltr'>et</span> <span class='ocrx_word' id='word_1_421' title='bbox 200 4114 340 4173; x_wconf 88' lang='lat' dir='ltr'>meditata</span> <span class='ocrx_word' id='word_1_422' title='bbox 351 4114 439 4172; x_wconf 87' lang='lat' dir='ltr'>inisse</span> <span class='ocrx_word' id='word_1_423' title='bbox 451 4124 481 4171; x_wconf 92' lang='lat' dir='ltr'>et</span> <span class='ocrx_word' id='word_1_424' title='bbox 493 4123 683 4191; x_wconf 84' lang='lat' dir='ltr'>perpetrasse,</span> <span class='ocrx_word' id='word_1_425' title='bbox 696 4133 825 4193; x_wconf 87' lang='lat' dir='ltr'>quorum</span> <span class='ocrx_word' id='word_1_426' title='bbox 836 4124 896 4172; x_wconf 90' lang='lat' dir='ltr'>ate</span> <span class='ocrx_word' id='word_1_427' title='bbox 908 4116 1028 4173; x_wconf 85' lang='lat' dir='ltr'>Justitia</span> <span class='ocrx_word' id='word_1_428' title='bbox 1038 4132 1141 4190; x_wconf 66' lang='lat' dir='ltr'>poenas</span> <span class='ocrx_word' id='word_1_429' title='bbox 1147 4132 1196 4187; x_wconf 75' lang='lat' dir='ltr'>re·</span> <span class='ocrx_word' id='word_1_430' title='bbox 1211 4120 1271 4175; x_wconf 83' lang='lat'>810</span> 
     </span>
     <span class='ocr_line' id='line_1_50' title="bbox 154 4192 1197 4271; baseline 0.006 -22"><span class='ocrx_word' id='word_1_431' title='bbox 154 4201 267 4271; x_wconf 79' lang='lat' dir='ltr'>pmcat,</span> <span class='ocrx_word' id='word_1_432' title='bbox 279 4192 478 4271; x_wconf 85' lang='lat' dir='ltr'>Erynnisque:</span> <span class='ocrx_word' id='word_1_433' title='bbox 498 4194 605 4271; x_wconf 84' lang='lat' dir='ltr'>sicque,</span> <span class='ocrx_word' id='word_1_434' title='bbox 616 4195 694 4252; x_wconf 83' lang='lat' dir='ltr'>sifus</span> <span class='ocrx_word' id='word_1_435' title='bbox 703 4200 757 4259; x_wconf 88' lang='lat' dir='ltr'>est,</span> <span class='ocrx_word' id='word_1_436' title='bbox 767 4195 926 4268; x_wconf 88' lang='lat' dir='ltr'>imprecor:</span> <span class='ocrx_word' id='word_1_437' title='bbox 941 4193 1028 4251; x_wconf 80' lang='lat' dir='ltr'>atlas</span> <span class='ocrx_word' id='word_1_438' title='bbox 1039 4202 1197 4271; x_wconf 46' lang='lat' dir='ltr'>esuquan·</span> 
     </span>
     <span class='ocr_line' id='line_1_51' title="bbox 154 4269 1293 4351; baseline 0 -21"><span class='ocrx_word' id='word_1_439' title='bbox 154 4271 400 4351; x_wconf 77' lang='lat' dir='ltr'>doquidemmihi</span> <span class='ocrx_word' id='word_1_440' title='bbox 418 4274 461 4331; x_wconf 78' lang='lat' dir='ltr'>ias</span> <span class='ocrx_word' id='word_1_441' title='bbox 479 4289 567 4345; x_wconf 80' lang='lat' dir='ltr'>omne</span> <span class='ocrx_word' id='word_1_442' title='bbox 588 4281 624 4332; x_wconf 91' lang='lat' dir='ltr'>tu</span> <span class='ocrx_word' id='word_1_443' title='bbox 642 4272 722 4348; x_wconf 79' lang='lat' dir='ltr'>prius</span> <span class='ocrx_word' id='word_1_444' title='bbox 740 4269 881 4345; x_wconf 84' lang='lat' dir='ltr'>abjecisti,</span> <span class='ocrx_word' id='word_1_445' title='bbox 894 4272 1196 4350; x_wconf 65' lang='lat' dir='ltr'>omniumroptimqm,</span> <span class='ocrx_word' id='word_1_446' title='bbox 1290 4296 1293 4301; x_wconf 95' lang='lat'>·</span> 
     </span>
    </p>
   </div>
   <div class='ocr_carea' id='block_1_5' title="bbox 0 0 1392 4882">
    <p class='ocr_par' dir='ltr' id='par_1_5' title="bbox 0 0 1392 4882">
     <span class='ocr_line' id='line_1_52' title="bbox 0 0 1392 4882; baseline 0 1"><span class='ocrx_word' id='word_1_447' title='bbox 0 0 1392 4882; x_wconf 95' lang='lat' dir='ltr'> </span> 
     </span>
    </p>
   </div>
  </div>
 </body>
</html>
