2776 4882
441 259 779 351 Pnrnocrarna
1049 238 1134 360 “aar

79 452 231 524 omnibus,
247 446 441 516 versbtusille
454 456 569 534 Ulysses
580 460 667 534 cepit,
677 460 865 534 vinctumque
878 448 910 516 in
922 454 1034 517 medios
1047 456 1135 520 Achi-

79 552 133 594 vos
149 556 250 614 agens,
262 539 375 595 eunctis
397 528 526 613 opimam
546 537 675 613 praedam
694 536 875 595 monstravit.
914 536 943 594 Is
963 536 1082 615 inquam
1101 538 1209 603 ettilo

78 617 139 674 alia
167 619 267 676 omnia
286 617 342 674 illis
363 618 533 674 vaticinatus
553 624 606 684 est,
626 616 740 694 bneque
758 616 899 691 inprimis,
917 612 1016 687 ttejae
1036 623 1133 678 turres

80 710 238 773 nunquam
257 714 306 753 eos
318 695 479 763 diruturos,
493 696 550 752 nisi
568 696 647 753 hunc
667 710 836 771 persuasum
856 694 1002 752 abducant
1021 694 1057 753 ab
1076 698 1132 756 hac

77 773 187 841 insula,
201 777 304 852 inqua
323 790 402 832 nune
422 774 543 832 habitat.
583 776 680 850 Atque
700 774 756 831 hoe
775 770 863 831 simul
874 789 908 830 ae
921 772 1016 831 vatem
1029 772 1129 835 dicen·
1147 774 1204 834 615

78 860 141 909 tem
157 855 268 911 audivit
282 854 397 911 ladrtae
409 853 495 922 filius,
508 852 609 910 statim
626 854 744 928 recepit,
757 853 852 910 virum
872 853 950 909 hunc
970 852 1129 914 adductum

79 930 197 989 Achivis
216 951 247 989 se
267 932 475 996 exhibiturum,
495 931 596 1009 idque,
616 940 652 988 ut
674 933 800 989 maxime
818 932 1007 1007 opinabatur,
1028 928 1127 992 volen-

79 1016 153 1076 tem,
165 1011 213 1068 sin
225 1019 372 1078 renueret,
386 1010 527 1068 invitum:
550 1011 669 1085 haecque
688 1010 713 1066 sl
733 1028 794 1069 non
812 1010 896 1067 daret
915 1010 1026 1079 effecta,
1039 1019 1127 1088 eaput

79 1102 165 1146 suum
177 1091 297 1147 cuilibet
309 1089 521 1164 amputandum
534 1088 730 1164 permittebat.
765 1089 899 1153 Andiisti,
913 1097 991 1152 nate,
1006 1092 1123 1149 omnia:
1142 1091 1201 1148 620.

80 1182 203 1243 propere
225 1178 324 1227 autern
346 1168 425 1225 abire
448 1180 479 1224 et
498 1176 528 1224 te
548 1169 645 1243 ipsum
664 1184 780 1235 moneo,
803 1177 832 1224 et
851 1166 876 1225 sl
897 1166 959 1246 quis
979 1168 1052 1228 alius
1072 1170 1125 1229 tibi

82 1254 224 1305 curaeest.
1067 1244 1073 1255 ‘

10 1324 12 1341 ²
88 1348 92 1353 ·
118 1322 230 1383 PHIL.
251 1324 312 1383 Hei
331 1327 404 1384 mihi
424 1322 549 1383 misero!
573 1323 674 1392 Illene,
689 1340 771 1382 mera
790 1324 879 1391 labes,
892 1338 940 1383 me
952 1325 990 1382 ad
1002 1327 1124 1387 Achivos

81 1395 187 1471 iumvit
199 1421 367 1480 persuasum
380 1423 411 1463 se
430 1404 644 1462 abducturum?
675 1402 791 1479 Nempe
806 1405 852 1460 *sie
871 1404 1075 1480 persuadebor,
1087 1416 1124 1466 ut

86 1479 118 1538 ab
129 1483 230 1541 inieris
243 1496 376 1541 mortuus
387 1484 425 1541 ad
438 1484 533 1540 lucem
544 1481 671 1548 redeam,
684 1482 928 1558 quemadmodum
940 1481 1016 1540 illius
1029 1493 1121 1561 pater.
1138 1484 1196 1540 6115

118 1558 245 1619 MERC.
267 1563 327 1620 lsta
351 1561 486 1638 equidem
509 1562 624 1631 nescim
646 1561 697 1617 sed
720 1578 811 1638 pergo
833 1561 871 1618 ad
890 1578 1014 1620 navem:
1042 1563 1121 1622 vobis

87 1648 179 1698 autem
192 1643 304 1717 optima
315 1641 446 1699 conferat
458 1638 557 1697 Deus!
847 1684 849 1689 .
1175 1647 1177 1653 '

76 1713 80 1721 ’
119 1718 226 1777 PHlL.
248 1720 356 1778 Nonne
367 1721 433 1782 hoe,
444 1718 463 1776 6
476 1719 529 1784 lili,
540 1718 676 1776 acerbum
690 1723 743 1783 eat,
757 1717 872 1776 Inertis
885 1719 982 1777 filium
992 1732 1118 1796 sperare,

85 1791 142 1854 fore
153 1816 284 1877 unquam
297 1809 330 1856 nt
347 1817 394 1856 me
414 1798 498 1855 dictis
518 1797 655 1855 mollibus
674 1797 829 1855 delinitum
849 1798 973 1856 abducat
992 1806 1119 1863 nave3'et
1135 1800 1195 1855 630

19 1878 23 1883 '
81 1876 181 1935 mediis
197 1877 356 1936 indebitis
375 1876 528 1934 ostendat?
566 1875 655 1933 Haud
674 1892 744 1934 sane
764 1877 824 1933 fiet.
865 1876 988 1934 Facilius
1008 1879 1119 1936 invisis·

78 1950 158 2014 'ime
170 1957 451 2034 mihitauscultsrem
470 1960 603 2020 excetrae,
616 1972 681 2031 quae
701 1972 749 2012 me
768 1957 810 2013 ita
828 1954 963 2014 claudum
983 1956 1117 2016 reddidit.

74 2025 136 2090 Sed
155 2036 270 2093 nullum
289 2046 332 2093 est
352 2035 441 2101 nefas,
462 2033 541 2110 quod
562 2032 611 2089 ille
633 2033 777 2091 indictum
798 2036 844 2093 vel
864 2035 1006 2092 infectum
1029 2037 1115 2093 velit:

70 2112 224 2193 huncque,
249 2116 318 2170 satis
342 2114 412 2180 sein,
434 2114 540 2170 veniet.
578 2110 698 2178 Verum,
722 2112 741 2168 d
761 2112 813 2178 fili,
835 2112 981 2179 abeamus,
1004 2124 1039 2170 ut
1064 2131 1117 2174 nos
1133 2110 1191 2170 635

68 2191 239 2259 plurimum
251 2193 350 2270 pelagi
361 2192 398 2249 ab
419 2188 526 2266 Ulyssis
546 2208 617 2247 nave
631 2191 821 2248 disterminet.
861 2190 987 2250 Eamus:
1007 2194 1116 2270 ¹quippe

58 2278 246 2403 gpportuna
264 2272 420 2339 festinatio,
440 2269 540 2328 labore
559 2270 711 2336 exhausto,
725 2285 862 2326 somnum
876 2277 905 2326 et
918 2270 1045 2347 quietem
1065 2272 1117 2329 ad·

97 2368 184 2413 ucere
196 2352 278 2408 solet.
1006 2364 1009 2369 ’

115 2420 260 2489 Nnorr.
280 2429 382 2509 ltaque
404 2446 493 2506 quum
516 2435 618 2485 ventus
640 2428 672 2484 in
697 2439 816 2502 proram
837 2426 949 2504 spirans
973 2430 1113 2503 remittet,
1160 2418 1163 2423 ’

51 2509 220 2575 ‘salvemus
231 2526 353 2566 navemz
374 2525 455 2565 nune
466 2507 546 2564 enim
557 2506 691 2566 adversus
703 2507 774 2564 ert!
1067 2522 1079 2579 J
1133 2505 1192 2560 640
1284 2564 1286 2569 ,

115 2586 223 2646 rffln.
245 2586 376 2649 Quilibet
386 2594 490 2644 ventus
502 2585 646 2643 secundus
658 2591 711 2647 est,
724 2601 815 2660 quum
828 2585 923 2662 fugias
936 2586 1021 2643 mala.
1092 2586 1096 2591 ’

113 2666 260 2725 ΝΕΟΡΓ.
277 2666 331 2723 Nil
342 2671 456 2723 metuas
467 2688 476 2734 ;
497 2675 527 2720 et
539 2665 602 2720 baee
614 2664 670 2720 illia
682 2666 829 2721 contraria
840 2671 910 2722 sun't
922 2665 1049 2722 flamina

113 2744 222 2804 PHlL.
242 2744 351 2803 Nullus
369 2743 555 2820 praedonibus
573 2743 657 2800 flatus
677 2748 721 2800 est
740 2744 911 2810 contrarius,
924 2742 949 2799 si
968 2743 1048 2801 furto
1061 2751 1114 2801 aut

51 2822 273 2902 *iquidquam
285 2823 401 2880 anferre
414 2821 508 2879 detur,
569 2834 572 2840 ’
1213 2882 1216 2891 1

114 2902 260 2961 Ninon.
281 2903 345 2978 Age
365 2918 448 2976 ergo,
468 2902 492 2957 si
514 2900 617 2975 placet,
637 2916 747 2967 eamus,
768 2918 862 2978 quum
882 2900 1009 2975 primum
1025 2899 1190 2959 ’1111111645

56 2982 228 3057 sumpseris
240 2981 346 3058 quibus
358 2979 412 3037 tibi
424 2979 551 3038 maxime
563 2996 632 3036 usus
645 2986 697 3043 est,
712 2996 834 3057 quaeque
847 2978 929 3054 optas
943 2978 1045 3056 magis.

60 3060 222 3198 1³⁰?th
240 3059 400 3119 Enimvero
417 3064 486 3115 sunt
499 3058 602 3135 quibua
621 3075 695 3134 opus
715 3064 769 3123 est,
782 3056 940 3115 admodum
957 3076 994 3115 ex
1014 3059 1113 3133 pannis

111 3218 257 3277 ΝΕΟΡΤ.
276 3217 355 3281 Quid
368 3216 440 3275 illud
450 3222 504 3282 est,
514 3214 591 3292 quod
605 3216 684 3273 navis
697 3232 763 3272 mea
776 3215 828 3271 tibi
842 3231 903 3270 nnn
915 3214 1101 3290 suppeditet?

111 3298 221 3357 PHlL.
240 3297 297 3354 Est
315 3297 388 3354 mibi
400 3295 533 3373 quadam
551 3294 650 3359 herba,
665 3311 722 3371 qua
741 3294 820 3351 soleo
839 3295 964 3353 maxime
984 3294 1111 3351 mulcere
1131 3289 1191 3344 650

71 3368 129 3435 bne
139 3378 234 3439 utem,
247 3377 290 3434 ita
299 3382 336 3433 ut·
347 3374 594 3449 valde-mitigetur
606 3372 698 3430 dolor.

10 3491 17 3515 r
111 3453 257 3513 Naorr.
276 3455 340 3530 Age
351 3452 422 3510 effer
433 3453 523 3509 illam.
552 3451 704 3529 Numquid
718 3458 748 3509 et
760 3450 840 3509 aliud
852 3467 996 3509 assumere
1010 3448 1109 3525 cupis?

10 3548 22 3593 1
111 3533 217 3593 PHlL.
237 3532 350 3590 Videbo
365 3530 507 3608 numquid
526 3530 602 3587 forte
621 3531 693 3587 mihi
706 3522 812 3588 harum
824 3531 998 3608 sagittarum
1011 3529 1111 3605 negle-
1210 3560 1219 3575 κ

10 3622 26 3669 u
79 3619 151 3677 ntum
164 3612 315 3677 exciderit,
328 3611 426 3668 necui
438 3608 629 3666 auferendum
642 3609 814 3684 relinquam.
995 3628 996 3632 ¹
1152 3608 1155 3614 '
1258 3607 1261 3615 ’

22 3759 24 3768 Ι
110 3689 255 3749 Ν11οΡΤ.
276 3689 368 3746 Estne
381 3705 453 3765 ergo
465 3686 570 3743 nobilia
582 3687 631 3743 ille
643 3702 737 3753 arcus,
751 3705 838 3763 quem
852 3703 930 3743 nunc
942 3686 1050 3759 habea?

21 3783 27 3796 '
110 3768 219 3828 PHIL,
240 3767 300 3827 Hic
310 3769 380 3844 ipse,
395 3775 456 3824 non
469 3767 549 3823 enim
561 3765 634 3822 alins
647 3773 699 3830 est,
713 3782 802 3840 quem
813 3765 946 3823 manibus
959 3783 1040 3842 gero.
1129 3763 1186 3819 655

10 3846 20 3883 1
109 3847 256 3906 NFDPT.
276 3847 368 3904 Fasne
387 3852 432 3903 est
450 3844 523 3923 mibi
543 3862 612 3901 eum
624 3843 816 3918 contemplari
828 3861 928 3918 prope,
942 3854 973 3901 et
984 3853 1109 3921 gestare,

10 3927 16 3949 ²
75 3934 102 3988 at
139 3926 294 3984 eoseulari
305 3935 444 4001 tanquam
457 3921 579 3981 Deum?
831 3942 834 3947 ·
1052 3934 1055 3939 “

134 4004 218 4063 11111.
236 4003 306 4061 Tibi
327 4003 457 4081 quidem,
477 4002 496 4058 6
516 4008 594 4068 nate,
616 4008 646 4057 et
665 4002 722 4058 hnc
743 4000 907 4078 continget,
928 4010 958 4058 et
977 4018 1111 4061 mearum

74 4079 857 4238 mddlddowednqdildeblrmduplildl:edetdcddldntldddddmta
876 4165 920 4217 est
939 4157 1064 4235 cupido:
1085 4158 1110 4216 si
1128 4160 1189 4215 660

70 4240 112 4303 b
122 4240 199 4299 mihi
209 4242 256 4303 ait,
265 4239 356 4313 ‘velim
363 4262 373 4310 3
395 4238 441 4294 sin
453 4239 559 4298 minus,
573 4237 686 4293 omitte.

105 4317 215 4399 t’fflu
236 4318 278 4380 Et
297 4319 346 4397 pie
364 4317 502 4397 loqueris,
522 4321 560 4459 eq
574 4314 693 4460 fassstibi
715 4321 771 4387 est,
791 4316 841 4395 qui
861 4315 928 4377 solis
948 4315 1004 4377 bne
1020 4309 1110 4386 jubar
1173 4352 1175 4356 -
