2776 4882
456 260 679 332 aructat.
1021 260 1091 330 263

80 436 158 499 ΟΒ,
174 436 336 516 Qupptnit
741 488 744 493 .
769 474 772 479 -
1104 441 1181 495 1280

87 518 155 577 En.
173 518 201 577 0
214 513 428 584 amice,audivi
438 534 524 592 quem
537 533 594 593 ego
606 528 756 590 nunquam
764 526 922 589 sperassem
929 512 1083 571 nuntium:

39 610 154 655 ¹vocem
165 596 313 673 preclusa
326 602 438 669 stupor,
450 611 504 651 nec
522 594 623 652 audito
635 592 738 650 acerbo
749 609 816 648 casu
829 592 934 649 misera
945 588 1087 663 ejulatum

43 691 207 750 erumpere
226 675 326 751 potui:
348 690 428 730 nune
449 690 518 729 vero
539 680 628 730 teneo
649 680 695 741 te,
716 670 875 745 apparuisti
890 672 1088 747 gratissimum
1106 677 1182 735 1285

47 753 165 809 liabens
176 752 353 828 adspectum,
365 746 449 822 eujus
461 768 527 827 ego,
545 768 583 808 ne
598 751 624 807 si
635 750 768 807 maximis
781 765 876 825 verser
887 750 919 805 in
931 750 1023 814 malis,
1036 749 1088 806 ob·

46 830 166 889 livisear
176 848 316 907 unquam.

90 908 161 967 ΟΒ.
181 910 378 984 supervacuos
397 925 477 965 nnnc
495 906 580 964 mitte
600 921 759 971 sermones,
780 912 811 961 et
829 921 925 981 neque
949 922 998 963 me
1018 904 1090 963 doce

42 994 250 1065 materquam
262 987 395 1063 improba
402 988 450 1052 sit,
461 1004 513 1042 neo
520 997 554 1042 nt
563 985 692 1059 paternis
700 985 802 1057 opibus
810 983 961 1041 exhauriat
969 983 1091 1043 domum
1109 992 1186 1051 1000

49 1064 219 1143 AEgbthus,
231 1083 335 1143 easque
354 1064 514 1140 profundat
529 1082 562 1121 ac
579 1072 688 1120 temere
705 1061 839 1135 dissipet:
861 1064 1000 1138 temporis
1011 1063 1092 1121 enirn
1221 1062 1224 1067 ’

51 1145 308 1221 opportunitatem
325 1143 477 1201 excluserit
493 1142 605 1199 inutilis
616 1157 721 1199 sermo·
762 1140 837 1202 Quae
852 1157 922 1199 vero
939 1141 1012 1198 mibi
1024 1151 1093 1217 apta

52 1228 145 1281 erunt
155 1222 188 1279 in
199 1240 324 1298 praesens
336 1230 461 1297 tempus,
470 1239 505 1277 ea
516 1237 639 1296 expone,
650 1236 755 1293 nempe
767 1219 886 1277 ubinam
897 1220 1027 1277 locorum
1040 1227 1093 1279 aut

54 1308 238 1377 apparentes,
250 1310 303 1358 aut
314 1300 476 1367 delitentes,
496 1299 624 1356 ridentes
642 1299 774 1355 inimicos
786 1298 912 1356 adventu
925 1298 980 1355 boc
992 1307 1094 1356 nostro
1111 1307 1190 1365 1295

48 1380 266 1455 appareamus.
305 1380 382 1436 Cave
400 1388 511 1446 autem,
530 1395 578 1444 ne,
598 1375 682 1435 nobis
702 1376 838 1452 ingressis
859 1376 990 1443 domurn,
1009 1378 1094 1436 hilari

55 1458 142 1519 vultu
152 1458 241 1517 matri
253 1462 283 1515 te
294 1457 399 1533 prodas
409 1459 554 1534 gavisam:
575 1455 626 1513 sed
638 1463 778 1530 tanquam
789 1456 826 1511 ob
838 1472 946 1521 casum,
960 1456 1010 1530 qui
1021 1455 1094 1513 falso

57 1536 211 1595 nunfiatns
222 1543 276 1603 eat,
289 1536 455 1612 ingemisce.
496 1535 596 1597 Quum
616 1535 696 1592 enim
715 1550 760 1590 res
779 1533 862 1591 nobis
883 1532 1007 1592 feliciter
1024 1552 1093 1612 pro·

58 1614 411 1691 meriatuncgaudere
422 1612 520 1671 licebit
532 1620 564 1669 et
575 1612 670 1671 ridere
682 1613 781 1671 libere.
1112 1619 1190 1677 1300

56 1746 60 1751 .
97 1692 374 1760 1111111111,
388 1699 549 1768 utcumque
562 1691 616 1748 tibi
627 1691 831 1767 complacitum
848 1691 912 1754 erit,
925 1691 968 1748 ita
979 1708 1094 1751 morem

62 1770 117 1829 tibi
126 1788 247 1849 geram:
268 1788 393 1846 namque
406 1772 460 1827 bac
472 1770 620 1845 voluptate
637 1769 719 1827 fruor
735 1788 754 1827 a
765 1779 796 1828 te
808 1776 934 1844 accepta,
947 1787 1008 1827 non
1026 1788 1094 1848 pro-

38 1852 41 1857 '
65 1850 126 1923 pria
135 1849 225 1907 inibis
246 1866 340 1925 neque
352 1849 407 1906 tibi
422 1850 516 1907 ausim
534 1866 602 1907 eum
614 1848 743 1907 maximo
757 1865 824 1906 meo
835 1848 1036 1907 emolumento
1047 1849 1096 1907 vel
1112 1856 1190 1915 13οὸ

60 1928 214 1991 tantillum
223 1927 430 1995 molestaesse3
445 1945 507 1984 non
516 1927 596 1986 enim
604 1934 683 1985 recte
694 1927 734 1983 sic
745 1925 937 1985 subservirem
948 1929 1094 2003 presenti,

65 2006 115 2081 qui
124 2006 212 2074 lavet,
223 2004 298 2063 Deo.
309 2004 359 2063 Tu
369 2023 438 2063 vero
450 2006 525 2063 nosti
539 2024 603 2083 quae
613 2004 663 2063 hic
675 2006 766 2063 fiuntz
783 2004 884 2082 quidni
893 2006 991 2063 enim?
1005 2020 1097 2085 quum

65 2082 186 2143 ¹audieris
197 2084 367 2162 AEgistbum
378 2083 467 2141 domo
479 2085 585 2152 abesse,
595 2086 674 2141 intus
681 2102 750 2141 vero
758 2084 856 2141 adesse
864 2094 998 2149 matrem,
1009 2103 1096 2163 quarn

73 2164 287 2241 tanentiquam
308 2180 434 2229 vereare,
450 2180 488 2221 ne
507 2164 566 2221 risu
586 2163 710 2220 hilarem
727 2162 822 2219 videat
844 2162 957 2221 vultum
978 2181 1094 2223 meumz
1115 2170 1194 2230 1310

74 2239 164 2303 ndum
174 2242 255 2301 enim
267 2251 348 2298 vetus
359 2241 474 2315 penitus
486 2242 559 2299 mibi
571 2240 695 2299 infixum
707 2240 846 2312 inheret3
861 2247 891 2297 et
901 2249 1054 2320 postquam
1066 2253 1097 2300 te

76 2316 188 2397 adspexi,
201 2337 351 2397 nunquam
362 2320 493 2377 desinam
506 2338 566 2396 prae
578 2319 687 2396 gaudio
697 2319 837 2395 lacrymas
848 2318 1004 2379 effundere.
1035 2320 1097 2383 Qut
1178 2358 1181 2363 -

54 2442 61 2455 .
78 2398 145 2456 enim
157 2406 321 2473 temperare
332 2416 351 2455 a
361 2398 492 2474 lacrymis
504 2400 703 2477 mihiquem,
717 2416 781 2476 quae
794 2406 823 2455 te
836 2414 897 2455 nno
908 2399 964 2455 hoc
977 2407 1030 2456 tuo
1047 2400 1100 2458 ad·
1231 2463 1233 2467 ,

72 2485 154 2535 reatu
163 2485 371 2554 mortuumque
380 2484 410 2534 et
421 2478 518 2533 vivum
530 2476 668 2552 adspexil
683 2476 777 2535 fecisti
788 2484 887 2534 autem
900 2478 972 2535 mihi
985 2495 1023 2534 ne
1035 2495 1099 2554 spe-
1114 2484 1190 2545 1315

80 2552 157 2613 nuda
167 2553 285 2633 quidem
293 2579 302 2626 3
317 2556 358 2613 ita
369 2563 413 2623 ut,
430 2555 629 2631 sipatermibi
640 2556 720 2613 vivus
731 2554 840 2621 redeat,
849 2556 1019 2633 neutiquam
1028 2556 1100 2615 idin

80 2632 191 2713 prodigii
201 2634 267 2693 loeo
279 2632 491 2702 babiturasim,
503 2634 554 2692 sed
569 2633 715 2692 creditura
733 2634 866 2710 protinus
882 2651 930 2691 me
947 2637 1042 2711 ipsum
1057 2635 1100 2694 vi-

10 2688 17 2802 ἶ
78 2706 144 2771 dete„
160 2710 289 2789 Quando
299 2712 391 2789 igitur
409 2711 543 2773 adhunc
564 2712 685 2772 modum
701 2713 785 2770 nobis
800 2712 951 2781 advenisti,
964 2715 1025 2791 ipse
1035 2732 1100 2775 rem

81 2792 223 2867 mpure,
234 2797 270 2849 ut
282 2790 337 2848 tibi
345 2791 461 2851 animus
472 2797 531 2849 est:
546 2810 615 2851 nam
627 2808 684 2866 ego
695 2791 756 2849 sola
770 2791 795 2848 si
806 2790 934 2859 fubsem,
947 2809 1008 2850 non
1016 2801 1099 2853 utro·
1117 2802 1195 2867 1300

81 2858 153 2945 bique
166 2868 315 2949 proposito
333 2870 517 2943 excidissem3
539 2877 590 2929 aut
605 2871 686 2928 enim
700 2869 838 2945 praeclare
856 2887 906 2929 me
923 2870 1100 2942 liberassem,

79 2954 122 3005 art
149 2950 265 3015 molare
277 2946 483 3008 occubuissem.
717 3006 721 3013 ,
1099 3011 1102 3016 .

109 3027 135 3083 0
163 3022 414 3099 ‚Tacerejubem
435 3044 505 3086 nam
516 3028 811 3106 quempiamedomo
821 3029 901 3087 exire
912 3029 1009 3090 audio.
1080 3096 1084 3101 ,

95 3102 235 3167 ,111111
255 3106 344 3169 intro,
367 3107 510 3181 hospites,
530 3109 690 3182 presertim
710 3126 800 3185 quum
822 3126 857 3166 ea
877 3107 1014 3180 afferatis,
1035 3104 1102 3188 qne
1130 3164 1134 3173 ,
1205 3169 1208 3173 .

10 3158 30 3276 ὂ
79 3193 162 3321 neqve
172 3184 263 3247 domo
273 3184 338 3261 quis
349 3186 476 3263 repellat,
490 3203 586 3262 neque
598 3204 667 3245 curn
677 3186 827 3262 voluptate
839 3186 983 3247 admittat.
1117 3197 1194 3258 1325

130 3262 209 3325 ΕΙ).
227 3262 389 3321 Oniminm
406 3263 505 3321 stolidi
525 3272 613 3341 atque
630 3264 776 3333 vecordes,
796 3283 835 3324 an
855 3266 893 3324 de
913 3267 1007 3326 salute
1028 3265 1103 3325 nihil

77 3342 305 3419 septualius
315 3342 393 3410 atis,
406 3350 459 3401 aut
470 3342 546 3401 ratio
554 3343 631 3400 inest
641 3343 722 3401 vobis
734 3344 815 3403 nulla
827 3345 968 3421 ingenita,
981 3345 1101 3423 quivos,
1116 3404 1122 3417 ,

10 3466 30 3509 Β
76 3432 131 3483 um
139 3421 319 3499 propinquos
331 3421 476 3481 malorum
487 3438 559 3488 esse,
571 3422 623 3479 sed
635 3423 719 3481 malis
729 3424 762 3479 in
773 3422 852 3498 ipsis,
865 3424 956 3500 iisque
968 3424 1101 3500 gravissi·
1119 3435 1198 3493 1330

10 3546 25 3585 ,
78 3494 325 3567 nriaveraarirron
335 3496 582 3561 animadvertitis?
602 3500 654 3558 sed
665 3500 722 3559 nisi
733 3499 844 3558 dudum
862 3519 919 3578 ego
930 3503 1006 3560 fores
1017 3502 1102 3560 hasce

76 3578 316 3653 merempridi
333 3578 413 3637 intus
426 3584 548 3636 conatus
567 3581 656 3636 vestri
675 3597 762 3656 quam
778 3597 900 3655 corpora
921 3587 1103 3656 apparerent.

10 3694 16 3731 ,
76 3654 126 3715 ded
137 3675 216 3716 nuno
226 3656 290 3715 hec
300 3672 357 3733 ego
366 3656 495 3733 providi:
509 3674 599 3733 quare
606 3654 669 3731 jam
683 3657 793 3716 omissis
805 3658 985 3734 longioribus
993 3676 1103 3717 sermo·
1120 3669 1196 3731 1335

69 3734 162 3801 nibus,
171 3736 292 3813 istisque
299 3734 462 3793 immodicis
468 3735 731 3803 laefischmoribus,
738 3736 779 3792 ite
787 3736 881 3794 intro:
896 3754 964 3795 nam
973 3739 1105 3797 cunctari

70 3814 101 3881 in
112 3814 165 3873 tali
175 3814 419 3899 negoticpnalum
431 3823 491 3871 est:
512 3822 599 3890 urget
611 3823 710 3875 autem
722 3815 834 3872 oceasio
845 3816 888 3873 rei
899 3816 1046 3892 gerendae.

106 3892 175 3953 ΟΒ.
193 3892 351 4012 Quoquo
368 3908 441 3970 ergo
452 3892 583 3969 ingresso
594 3894 669 3953 mibi
680 3902 881 3969 comparatum
898 3895 955 3953 erit
967 3896 1045 3974 quod
1056 3913 1105 3955 su·

62 3978 366 4117 wfflwrfficbrez
377 4050 564 4108 commodum
571 4050 650 4107 enim
656 4050 811 4128 contingit,
820 4057 855 4109 ut
863 4058 892 4110 te
901 4070 990 4115 nemo
996 4059 1105 4115 noeat.
1115 4042 1199 4122 '1840

104 4116 176 4186 bib·
193 4126 346 4185 Nuntiaeti
356 4127 488 4186 videlicet
499 4146 548 4188 me
561 4146 622 4186 esse
633 4138 793 4189 mortuum.

10 4252 12 4258 ,
102 4204 212 4275 PAED.
228 4205 352 4263 Scito-te
364 4204 494 4281 illicjam
507 4224 600 4266 unum
612 4225 674 4265 esse
685 4208 723 4265 de
735 4209 806 4267 Orci
817 4207 928 4271 incolis.

101 4282 173 4351 Oli.
194 4284 368 4350 erubrus
377 4284 472 4365 igitur
482 4287 539 4347 boc
551 4287 666 4351 nuntio,
679 4293 733 4349 aut
743 4287 927 4368 quidaiuut?
