2776 4882
475 269 705 380 'Eiectum
1043 284 1104 344 251

64 440 217 501 valiant
237 443 348 519 patris?
372 444 413 503 sic
432 442 543 505 censeo
554 447 683 525 quidem,
707 444 820 503 etiamsi
841 444 926 504 aliter
943 452 977 505 tu
995 450 1102 507 sentis:

66 518 151 579 idem
164 536 278 600 qnoque
299 522 408 581 diceret
421 535 536 584 mortun
548 526 617 592 filia,
630 528 655 584 si
667 534 763 601 posset
775 525 863 601 loqui.
902 526 1045 587 Quocirca
1056 547 1104 587 me

64 606 253 658 noseorum
265 619 329 678 quae
341 602 397 659 feci
418 605 496 661 haud
508 604 588 681 piget
599 625 606 660 z
629 613 662 661 tu
674 621 751 668 vcro,
765 604 790 660 si
805 605 901 661 minus
914 612 992 663 recte
1003 624 1103 681 sapere
1120 612 1179 667 550

67 676 126 735 tibi
137 678 244 746 videor,
256 689 290 738 ut
301 680 344 737 fas
357 688 387 738 et
399 700 515 759 {equum
528 692 582 751 est,
594 701 642 740 me
654 682 842 758 reprehende.

106 756 172 815 EL-
193 756 280 815 Nunc
294 759 411 837 quidem
424 761 502 819 haud
515 761 600 829 dices,
614 768 643 817 te
655 764 761 818 amaris
773 762 857 818 dictis
876 779 954 823 nme
966 780 1103 838 provoca·
1166 780 1174 800 ⁸

66 842 132 893 nm
150 837 206 895 ista
218 838 290 895 mihi
311 841 481 915 ingessisse:
502 841 553 897 sed
572 842 597 897 si
616 843 728 897 venium
748 840 885 897 concedes
904 841 986 908 mihi,
1000 850 1030 900 et
1048 861 1103 919 pru

65 920 188 971 mortuo
198 916 341 992 simulque
353 936 408 995 pro
418 936 526 986 sorore,
539 927 573 975 ut
589 928 707 995 pareat,
720 919 775 976 tibi
786 918 976 993 respondebo.
1119 930 1175 984 555

81 1014 86 1021 ’
106 992 223 1051 GLYT.
244 994 319 1071 Age,
332 998 487 1071 permitto:
511 1014 610 1055 rerum
625 999 650 1054 si
662 1015 710 1055 me
722 1014 841 1073 semper
847 998 935 1056 simili
947 998 1102 1059 verborum

63 1072 189 1131 undio
200 1072 286 1132 affata
299 1075 409 1143 fuisses,
422 1077 592 1152 neutiquam
603 1076 705 1134 fuisses
717 1076 820 1133 auditu
832 1077 963 1135 molesta.

106 1148 171 1230 Eia.
190 1150 274 1229 Ergo
284 1154 337 1211 tibi
350 1154 424 1212 dico.
464 1155 580 1213 Patrem
599 1156 641 1212 ais
653 1163 683 1212 te
703 1155 856 1226 occidisse,
879 1173 936 1232 quo
949 1156 1018 1232 quid
1037 1163 1100 1215 tur·
1146 1174 1164 1185 ·

63 1227 132 1303 pius
140 1229 199 1287 dici
211 1249 340 1309 unquam
353 1240 458 1309 potest,
471 1253 522 1291 seu
531 1230 598 1305 jure
611 1234 641 1290 id
653 1232 764 1298 feceris,
776 1235 835 1291 sive
847 1231 973 1306 injuria?
995 1235 1099 1293 Dicam
1116 1242 1175 1297 560

62 1308 212 1375 verotibi,
233 1312 316 1369 nullo
327 1319 357 1369 te
374 1309 442 1385 jure
463 1313 598 1370 occidisse
608 1336 617 1384 3
638 1311 689 1369 sed
707 1330 743 1369 eo
755 1319 785 1370 te
805 1312 919 1370 induxit
931 1331 1032 1371 suasus
1044 1316 1099 1371 im·

61 1384 1098 1545 ffldla‘ltlttat{adtolliddtditdttltt

62 1542 192 1603 detinuit
204 1546 236 1604 in
248 1548 366 1605 Aulide:
391 1546 439 1606 'vel
460 1549 514 1606 tibi
532 1549 625 1606 dicam
639 1566 711 1625 eg05
733 1567 769 1606 ex
787 1549 838 1606 illa
861 1550 939 1606 euim
961 1551 1097 1607 sciscitari
1114 1566 1171 1619 555

62 1638 125 1681 non
137 1622 182 1680 fas
203 1630 256 1683 est.
294 1627 382 1684 Pater
393 1646 477 1686 meus
497 1629 576 1691 olim,
590 1635 626 1685 ut
646 1644 702 1703 ego
717 1629 825 1703 accepi,
839 1646 929 1705 quum
950 1630 982 1685 in
994 1629 1097 1686 Dianae

60 1700 263 1768 luculuderet,
277 1707 434 1764 excitatum
453 1724 570 1764 cervum
583 1706 752 1764 distinctum
763 1707 892 1767 maculis,
904 1706 1097 1785 cornibusque
1195 1726 1198 1731 ·
1269 1766 1273 1773 ,

61 1779 219 1857 insignem,
231 1800 317 1842 cursu
331 1793 475 1843 assecutus
498 1794 551 1852 est,
565 1781 648 1857 cujus
668 1786 700 1841 in
712 1785 790 1842 crede
811 1803 842 1842 se
864 1784 984 1842 efferens
996 1803 1096 1861 super·
1152 1800 1155 1805 ·

63 1856 136 1919 burm
149 1862 247 1919 nescio
259 1863 329 1940 quid
351 1864 446 1921 emisit
458 1864 594 1921 verbumz
616 1860 646 1921 e't
667 1864 736 1920 inde
748 1865 823 1921 irata
846 1863 940 1921 Latos
952 1864 1035 1939 virgo
1046 1865 1096 1922 de·
1113 1878 1172 1942 570

59 1938 153 1996 tinuit
160 1939 295 2007 Achivos,
304 1948 338 2000 ut
348 1951 429 2018 pater
436 1943 552 2001 mulctae
561 1944 625 2000 loco
634 1960 688 2019 pro
697 1943 758 1999 fera
766 1960 850 2000 suam
858 1944 948 2019 ipsius
956 1950 1096 2001 mactaret
1124 1940 1127 1945 ’

60 2014 161 2075 filiam.
183 2018 251 2077 Hoc
262 2020 313 2078 illa
325 2030 449 2079 mactata
461 2029 504 2079 est
517 2023 604 2079 modo
615 2043 623 2078 r
638 2039 697 2078 noo
710 2022 788 2078 enim
802 2022 859 2079 alio
871 2031 955 2099 pacto
967 2023 1095 2099 expediri

62 2103 178 2169 poterat
188 2098 332 2155 exercitus
344 2101 389 2156 vel
400 2100 531 2168 domum,
544 2100 589 2157 vel
598 2100 635 2159 sd
644 2092 744 2158 Ilium.
776 2100 962 2176 Quapropter
973 2108 1095 2159 conatus
1112 2114 1170 2176 575

62 2174 209 2243 nutaret
221 2178 387 2245 reluctatus,
400 2197 478 2255 aegre
499 2179 617 2236 tandem
630 2179 709 2236 illam
725 2178 897 2247 immolavit,
910 2196 971 2238 non
982 2186 1018 2237 ut
1028 2180 1094 2237 Me·

65 2252 138 2311 uetat
151 2256 240 2313 iniret
251 2259 385 2333 gratiam.
425 2258 455 2315 Si
474 2275 553 2325 vero,
566 2257 659 2315 dicam
677 2258 756 2314 enim
767 2258 855 2314 etiam
876 2257 955 2333 quod
968 2265 1094 2316 cretus

63 2331 218 2397 mironis
236 2330 357 2407 juvandi
376 2337 473 2395 studio
484 2337 540 2394 hoc
560 2337 637 2402 fecit,
650 2336 752 2393 ideone
772 2335 897 2392 interfici
916 2354 984 2394 eum
1006 2354 1092 2412 opor-

66 2413 149 2471 tuito
160 2420 191 2471 te
202 2414 213 2469 l
233 2414 300 2476 Qua
311 2414 398 2492 lege?
420 2416 504 2482 Vide,
517 2415 642 2492 silegem
657 2415 732 2471 hanc
744 2420 853 2472 statuas
865 2414 1039 2478 hominibus,
1054 2433 1092 2473 ne
1110 2424 1169 2480 580

64 2488 180 2567 tibiipsi
192 2492 332 2551 damnum
350 2511 473 2552 arcessas
485 2503 515 2552 et
528 2494 738 2570 poenitentiam.
777 2493 808 2550 Si
829 2494 907 2556 enim
927 2493 1017 2551 alium
1038 2511 1092 2569 pro

65 2568 117 2626 oio
128 2571 345 2639 trucidabimus,
359 2574 466 2648 tuipsa
478 2576 572 2649 prima
589 2573 731 2638 morieris,
744 2570 886 2648 siquidem
906 2572 1011 2629 merita
1022 2589 1091 2629 con-

63 2650 331 2727 sequerispraemia:
356 2651 407 2709 sed
426 2652 490 2709 vide
510 2670 546 2709 ne
560 2651 660 2709 falsam
686 2667 801 2708 causam
822 2659 972 2724 praetexas.
1010 2651 1091 2708 Doce
1109 2661 1167 2719 535

65 2738 107 2785 tue
118 2728 208 2793 enim,
232 2730 286 2787 nisi
298 2747 386 2807 grave
405 2739 458 2797 est,
472 2749 530 2806 qua
541 2748 621 2788 nunc
633 2730 728 2806 gratia
745 2748 810 2805 quae
822 2730 900 2787 factu
912 2736 982 2787 sunt
1002 2730 1092 2807 longe

64 2807 226 2889 impiissima
246 2808 325 2875 facis,
339 2809 448 2886 quippe
468 2828 532 2886 quas
554 2810 616 2865 viro
637 2808 832 2865 abominando
850 2809 1021 2875 consuescis,
1040 2827 1093 2867 cu-

61 2898 106 2951 Jus
124 2902 181 2963 ope
192 2892 306 2962 patrem
328 2906 428 2947 meunt
448 2888 518 2944 olim
540 2889 674 2952 enecasti
689 2895 718 2943 et
731 2887 914 2961 procreandis
932 2887 1030 2944 liberis
1042 2888 1093 2945 das

63 2976 188 3037 opernm,
200 2967 311 3040 priores
323 2984 391 3024 vero
403 2966 558 3043 legitimos,
572 2976 602 3023 et
615 2985 651 3022 ex
662 2966 798 3041 legitimis
812 2974 895 3021 natos
907 2961 1006 3036 ejicis·
1032 2966 1092 3028 Qut
1108 2978 1168 3032 590

45 3052 50 3063 ·
63 3042 129 3101 ulia
140 3042 301 3119 approbare
313 3046 440 3120 possim?
462 3047 510 3103 An
523 3045 610 3102 ctiam
625 3045 680 3100 hoc
692 3044 779 3109 dices,
793 3053 822 3099 te
835 3045 906 3099 istoc
920 3046 1005 3118 pacto
1024 3045 1091 3102 filiae

62 3128 184 3181 mortem
196 3122 316 3181 ulcisci?
338 3130 423 3199 turpe
435 3141 503 3181 sane
526 3124 565 3188 id,
579 3123 692 3180 etiamsi
711 3121 826 3179 dixeris.
865 3120 936 3179 Non
947 3124 1027 3180 enim
1040 3124 1092 3180 bo·

60 3208 175 3259 nestum
185 3208 230 3258 est
242 3202 365 3260 inimicis
378 3203 497 3269 nubere,
512 3202 579 3259 filiae
591 3218 685 3258 causa.
724 3200 781 3257 Sed
794 3218 831 3256 ne
844 3201 960 3276 quidem
973 3218 1091 3260 monere
1108 3209 1164 3266 595

16 3350 21 3359 ι
59 3278 167 3337 telicet
190 3298 256 3357 quse
267 3281 484 3339 statimclamns
496 3287 621 3339 matrem
633 3297 681 3337 me
693 3280 828 3337 conviciis
840 3279 996 3355 exagitare.
1037 3282 1092 3338 At-

76 3357 106 3415 ui
127 3318 277 3417 doiuinam
298 3368 329 3418 te
341 3358 538 3418 haud‘minus
558 3377 644 3438 quam
664 3369 787 3416 matrem
810 3357 912 3424 habeo,
926 3376 990 3435 quas
1002 3359 1091 3416 vitam

152 3454 345 3497 aerumnosam
365 3439 514 3516 perpetuis
536 3440 575 3513 io¹
588 3438 681 3505 malis,
695 3437 798 3515 quibus
818 3453 866 3494 me
885 3454 980 3502 vexas,
1001 3445 1091 3515 tuque
1106 3454 1166 3509 600

55 3514 327 3594 contubernalisque
339 3524 416 3575 tuus.
455 3518 494 3574 At
506 3516 556 3575 ille
569 3516 651 3584 alius,
666 3518 715 3593 qui
732 3518 780 3573 vix
792 3532 912 3573 manum
925 3522 1006 3572 tuam
1018 3515 1090 3573 effu-

52 3594 108 3671 git,
121 3594 211 3653 miser
222 3595 348 3662 Orestes,
361 3595 506 3653 infelicem
518 3595 586 3653 terit
599 3596 699 3661 sitam,
709 3611 795 3672 quem
805 3610 882 3667 saepe
893 3610 941 3650 me
953 3593 1007 3650 tibi
1019 3595 1089 3651 edu-

52 3690 120 3729 mre
131 3674 288 3732 ocdsorem
308 3675 461 3732 criminata
472 3692 503 3731 es
516 3695 522 3726 ι
544 3682 574 3730 et
592 3673 648 3731 hoc
660 3674 778 3749 quidem
791 3673 815 3727 si
828 3672 994 3747 potuissem,
1007 3672 1089 3729 fecis·
1105 3690 1164 3744 605

50 3767 115 3809 sem
124 3769 205 3818 sene,
219 3751 250 3809 id
261 3762 342 3810 certo
360 3753 440 3810 scias.
478 3753 622 3814 Quocirca
634 3750 758 3827 praedica
771 3768 819 3806 me
831 3750 909 3823 apud
923 3767 1023 3807 omnes
1034 3753 1089 3809 im-

50 3830 174 3907 probam
187 3848 258 3896 esse,
271 3830 317 3888 vel
336 3831 516 3896 maledicam,
535 3831 590 3896 vel,
603 3831 628 3887 si
641 3830 738 3905 mayis,
751 3830 866 3904 plenam
880 3829 1086 3903 impudentiae:

50 3909 170 3969 sienim
181 3908 227 3967 his
239 3909 315 3967 vitiis
327 3927 394 3968 sum
415 3910 550 3975 obnoxia,
563 3909 641 3967 haud
660 3908 787 3967 multum
799 3906 836 3963 ab
857 3906 953 3964 indole
976 3915 1028 3966 tua
1039 3908 1088 3965 de-

48 4004 153 4063 gsner‚
163 4004 230 4045 non
242 4005 293 4045 cro
305 3988 358 4045 tibi
370 3987 513 4045 dedecori.
1071 3996 1074 4001 ’

90 4066 160 4125 cH.
178 4066 344 4143 Spirnntem
366 4066 424 4123 iras
438 4066 539 4137 vide05
569 4066 696 4123 atrideo
715 4067 874 4131 neminem,
887 4065 935 4122 cui
954 4082 1032 4123 curte
1051 4067 1088 4122 sit
1105 4084 1164 4138 610

49 4139 754 4223 perpendere'jureneiliaaninjuriairascstur.
1132 4143 1135 4147 ’

88 4222 206 4283 CLYT.
226 4224 304 4287 Quid
317 4240 375 4301 ego
397 4242 465 4281 nam
478 4240 546 4280 vero
568 4224 707 4281 resistius
729 4241 840 4286 curem,
861 4241 925 4302 quae
938 4232 1087 4285 contume-

46 4302 129 4363 liosis
139 4302 215 4363 eden
227 4302 320 4363 verbis
342 4310 493 4380 parentem
505 4302 631 4368 incessit,
644 4301 729 4380 idque
741 4299 802 4375 jam
824 4320 860 4360 eo
873 4311 1008 4378 provecta
1019 4309 1088 4359 reta.-

519 4388 618 4447 sse
