2776 4882
425 286 759 355 rnnocrnrns.
1023 248 1113 374 'sn

860 374 880 407 Ι

64 461 87 499 ·'
104 449 250 515 NEorr.
270 456 354 515 Anne
367 459 458 535 igitur
469 460 507 518 ad
517 478 586 519 eum
599 470 638 518 ne·
649 460 766 538 quidem
778 461 914 521 accedere
934 472 1032 528 tutum
1044 473 1107 527 est!

91 528 221 609 ,ULY-S.
240 534 433 613 Neutiquam,
447 539 504 595 nisi
515 538 584 595 dolo
596 539 716 615 ceperiS,
729 548 763 597 ut
775 539 849 597 dico.
1084 544 1086 548 ’

101 608 249 671 leorr.
268 613 317 676 At,
331 634 439 692 quaese,
453 618 571 673 mentiri
584 633 645 673 non
657 625 742 691 turpe
753 634 853 675 censes
866 620 876 674 l

64 722 69 735 ·
102 688 219 748 ULYS.
241 691 322 758 Non,
334 695 359 749 si
371 693 556 751 mendacium
568 694 686 769 quidem
698 696 821 753 salutem
834 696 944 756 afferm.

99 764 249 827 Nffll'l'.
268 771 309 826 At
320 789 378 846 qua
389 771 487 828 fronte
500 772 564 847 quis
577 773 639 829 lraec
651 772 770 831 audebit
780 773 861 847 loqui
875 775 884 830 ?
1104 792 1107 799 ’
1125 792 1181 854 110

64 870 67 877 ·
83 912 89 921 ,
101 842 219 913 Unus
237 847 339 910 Quum
351 849 522 906 lucricausa
534 848 604 925 quid
616 849 754 923 inceptas,
767 852 878 925 pudere
890 853 969 910 haud
981 854 1079 918 decer,

99 921 247 982 Nuorr.
267 924 347 986 Quid
360 943 429 984 vero
441 926 514 985 lucri
527 936 571 983 est
582 927 665 992 mihi,
678 929 702 983 si
715 929 762 985 hic
772 928 811 987 ad
822 926 944 1007 Trojam
956 936 1086 991 venerit?

61 1034 65 1043 ·
100 1000 219 1059 ULYS.
240 1004 316 1060 801ae
330 1005 375 1062 hae
387 1006 502 1081 sagitto!
514 1002 636 1076 Trojam
648 1007 788 1079 ceperint.
1157 1052 1161 1060 .

63 1118 72 1123 -
98 1077 247 1199 ΝΙΞΟΡΤ.
266 1083 359 1159 Atqui
377 1100 476 1140 nonne
496 1100 561 1139 eum
581 1099 647 1159 ego,
660 1094 695 1139 ιιι
713 1082 861 1151 dicebatis,
882 1095 1104 1164 expugnaturus

58 1172 126 1215 sum
138 1192 164 1214 .·
956 1200 959 1207 ,
1012 1195 1013 1198 =

100 1234 217 1293 ULYS.
236 1236 301 1294 Nee
312 1246 348 1295 tu
361 1240 423 1295 sine
435 1238 502 1301 illis,
515 1255 570 1296 nec
584 1239 641 1296 illre
653 1240 715 1297 sine
728 1247 767 1296 te·
1120 1255 1176 1321 115

55 1311 246 1449 ὶὶὶὶιξιῘθΕΟΡῚΣ
272 1315 431 1390 Captandre
452 1317 550 1390 itaque
573 1326 651 1379 sunt,
674 1316 909 1395 quandoquidem
933 1321 976 1377 ite
998 1339 1030 1379 se
1056 1340 1102 1385 ree
1163 1318 1167 1324 ’

133 1402 158 1451 ἴ.
530 1426 539 1439 ι
599 1422 601 1427 Α
1101 1398 1104 1405 .

96 1468 214 1529 ULYS.
234 1471 328 1529 Porro
338 1473 365 1528 si
375 1472 431 1529 hoc
443 1471 554 1540 feceris,
566 1473 684 1549 gemina
696 1472 809 1531 auferes
822 1475 949 1546 premia
1040 1484 1044 1491 ’
1067 1536 1070 1540 ,
1168 1492 1176 1539 5

73 1592 78 1601 .
96 1546 247 1607 ΝΕΟΡΤ.
266 1550 420 1615 Quaenam,
432 1549 526 1606 cedo?
546 1553 572 1607 si
591 1553 670 1607 enim
682 1552 784 1615 sciero,
798 1551 871 1607 nihil
884 1569 1006 1611 renuam
1017 1566 1099 1613 exte-

58 1625 189 1701 qut-³
928 1691 939 1703 .
1098 1664 1102 1671 ·

67 1740 73 1749 ·
99 1702 214 1763 ULYS.
233 1706 322 1762 Catus
335 1712 368 1763 ut
380 1705 442 1779 ipse
453 1706 600 1782 simulque
611 1707 695 1764 fortis
706 1707 825 1764 voceris.
1277 1748 1282 1755 -

95 1778 243 1841 NEOH'.
261 1785 327 1859 Age
339 1801 420 1858 ergo,
433 1784 536 1840 maiam
548 1786 626 1860 quod
635 1782 826 1857 jubeamur
840 1784 951 1857 pudore
963 1794 1072 1847 amoto.
1116 1806 1173 1859 ηε

67 1908 72 1917 ,
96 1856 213 1917 ULYS.
232 1859 365 1919 Tenesne
377 1863 477 1921 animo
489 1862 589 1936 igitur,
603 1868 710 1941 quu'te
723 1863 845 1920 monui?
1166 1858 1172 1871 ’

96 1934 243 1995 ΝΕΟΡΤ.
262 1938 310 1995 Νε
321 1933 433 2003 dubitit,
446 1949 599 2014 postquam
612 1940 703 2001 semel
715 1942 832 1997 assensi.

97 2012 212 2073 ULYS.
231 2016 277 2074 Tu
288 2017 404 2095 quidem
415 2035 487 2093 crgo
500 2017 548 2073 ute
561 2020 714 2093 opperiens
724 2019 889 2075 venientem
898 2037 969 2075 eum
981 2021 1091 2095 excipe:

60 2094 114 2171 eg'o
125 2111 194 2150 vero
212 2093 295 2160 abeo,
316 2113 353 2152 ne
370 2113 470 2153 coram
487 2113 537 2154 me
557 2105 672 2153 cernat:
694 2097 873 2170 sociumque,
896 2115 985 2170 quern
1007 2100 1096 2156 modo
1115 2116 1169 2171 125

10 2176 14 2197 ¹
62 2170 237 2243 speculatum
252 2173 383 2238 amisisti,
396 2173 433 2232 ad
446 2190 549 2230 navem
562 2177 677 2232 mittam
690 2175 798 2239 denuo,
811 2175 936 2248 hucque,
949 2176 974 2229 si
985 2175 1095 2233 diutius
1180 2234 1187 2247 ,

39 2284 42 2290 ·
61 2260 165 2307 erasm
179 2250 252 2307 mihi
265 2250 428 2314 videamini,
442 2251 567 2308 eundem
581 2252 678 2327 ipsum
690 2254 785 2309 virum
800 2252 949 2307 remittam
965 2254 1101 2311 naucleri·

63 2322 160 2385 lubitu
177 2329 384 2386 concinnatum
402 2328 515 2396 (allide,
535 2328 686 2407 formaque
706 2330 778 2387 adeo
803 2330 966 2409 immutata,
987 2339 1027 2385 ut·
1040 2350 1094 2405 pro
1175 2348 1180 2363 ·

10 2424 12 2433 ·
61 2400 161 2480 ’ξιιοιο
179 2404 281 2464 heberi
301 2407 411 2481 possit:
433 2409 485 2483 qui
496 2425 587 2483 quum
599 2415 714 2466 versute
733 2406 872 2483 perplexa
889 2405 1035 2481 loquetur,
1049 2419 1099 2473 tu,¹
1114 2430 1170 2485 130

10 2510 28 2567 i,
60 2478 107 2549 fili,
119 2500 158 2541 ex
169 2480 234 2556 ejus
245 2502 379 2542 sermone
392 2502 572 2561 quecunque
584 2485 639 2561 tibi
649 2502 687 2543 ex
698 2500 754 2545 usu
768 2496 864 2545 erunt,
878 2487 983 2558 arripe.
1025 2486 1094 2562 Ego

10 2574 13 2619 l
58 2574 123 2617 -rero
134 2559 172 2619 ud
185 2579 287 2621 narem
300 2562 383 2630 abeo,
397 2563 442 2619 his
456 2563 510 2620 tibi
521 2564 698 2621 commissis:
720 2563 884 2621 Mercurius
903 2570 1003 2621 autem
1012 2564 1093 2623 irau-
1119 2586 1124 2611 ··
1145 2618 1149 2623 .

60 2634 126 2697 llum
137 2648 280 2717 repertor,
289 2640 407 2719 duxque
420 2641 473 2698 vire
486 2658 539 2697 nos
548 2640 665 2718 dirigat,
675 2651 707 2701 et
715 2642 818 2699 victrix
830 2639 970 2705 Minervae
982 2643 1093 2701 arcium
1144 2647 1151 2661 “

18 2776 24 2785 ,
59 2722 180 2789 prusa,
203 2724 551 2793 urenteservat'semper.
643 2770 653 2789 ,
999 2780 1003 2787 ,
1055 2754 1058 2761 ·

88 2792 159 2853 CH.
216 2794 268 2859 uid
290 2798 460 2873 peregrinus
487 2799 518 2852 in
543 2799 698 2875 peregrino
723 2798 786 2855 solo
811 2796 960 2864 reticeam,
985 2796 1004 2853 d
1029 2816 1100 2865 ren,¹
1112 2819 1166 2872 135
1210 2864 1214 2871 ,

58 2872 157 2947 quidve
168 2872 264 2937 dicam
275 2874 389 2933 homini
399 2875 558 2949 suspicaci?
573 2876 663 2934 edoce
675 2895 731 2934 me.
752 2875 876 2933 solertia
887 2876 968 2931 enim
980 2886 1010 2932 et
1022 2893 1093 2933 eon·
1121 2916 1124 2921 -
1143 2926 1148 2935 .
1167 2928 1171 2933 .

55 2949 117 3009 dia
131 2948 238 3011 ueteris
258 2960 377 3027 praeatat
398 2953 564 3030 qtdcunque
576 2953 716 3013 »divinum
736 2954 815 3011 Jovis
836 2959 984 3024 sceptrum
1006 2956 1092 3029 regit.
1111 2974 1168 3026 140

54 3027 97 3086 Ad
108 3036 142 3087 te
153 3046 233 3096 rem,
245 3030 265 3088 d
276 3030 330 3097 fili,
342 3048 489 3088 summum
502 3031 559 3088 hoc
568 3032 724 3107 imperium
737 3032 796 3089 avis
808 3029 845 3086 ab
862 3030 973 3087 ultimis
992 3049 1092 3107 perve-

54 3106 105 3165 nit:
142 3106 806 3185 Quareagedicquomodotibisubserviam.
1053 3128 1056 3135 ’
1118 3136 1123 3155 ι
1162 3118 1172 3141 ³

62 3211 76 3239 ,-
88 3182 242 3243 NEOPT,
255 3185 368 3246 Mirum
388 3186 419 3243 ni
431 3187 512 3261 cupis
524 3194 671 3245 extremos
683 3188 755 3245 lines
769 3187 890 3243 invisere
902 3185 959 3242 loci
971 3203 1030 3261 quo
1042 3186 1091 3243 ille
1110 3203 1181 3258 145·

51 3262 149 3329 urbil'e
159 3262 265 3339 habeta
286 3280 367 3321 nunc
378 3263 496 3340 quidem
508 3282 581 3341 ergo
593 3264 706 3340 adspice
726 3265 868 3336 lldeuter3
889 3273 921 3320 at
933 3262 984 3320 ubi
997 3265 1093 3333 veniet

51 3340 145 3399 r'ntot
167 3340 366 3407 ruminabitis,
391 3342 481 3399 hocce
505 3361 542 3399 ex
566 3350 653 3401 antro
682 3342 847 3419 regredere,
874 3359 1028 3420 meumque
1054 3341 1092 3399 ad

17 3480 23 3493 ,
45 3426 160 3553 fflm
170 3432 286 3495 semper
302 3418 472 3495 procedens,
485 3419 523 3478 da
535 3437 665 3498 operam,
677 3432 713 3479 ut
725 3419 918 3498 quodcunque
930 3419 1008 3477 facto
1019 3437 1091 3494 opus

125 3498 245 3555 tiucias.
508 3532 513 3539 ‚

61 3572 157 3633 ren.
178 3571 466 3647 Remjubes,drex,
476 3570 650 3646 jamdudum
664 3574 834 3632 meditatam
855 3573 937 3638 mihi,
951 3574 1037 3632 oculo
1055 3582 1167 3645 ut150
1266 3576 1273 3591 ’
1331 3538 1336 3547 ¹

46 3650 200 3711 observem
218 3653 277 3711 tuis
294 3654 423 3713 mulne
441 3653 601 3712 commodis
621 3655 755 3711 intento:
780 3670 859 3708 nnnc
873 3668 941 3708 vero
958 3651 1004 3707 dic
1016 3654 1092 3709 mihi

67 3746 179 3787 uenam
191 3730 223 3788 iu
235 3724 349 3789 recessu
359 3730 475 3789 abditus
481 3730 604 3797 habitet,
611 3749 732 3808 quemve
741 3738 838 3786 teneat
846 3728 957 3787 locum:
971 3729 1001 3786 id
1011 3732 1097 3799 eninr·

44 3749 151 3869 generi
159 3826 256 3883 operte
270 3808 398 3884 pretium
410 3817 455 3865 est
474 3809 558 3875 mihi,
571 3826 610 3866 ne
622 3806 800 3882 imprudenti
812 3807 945 3865 alicunde
956 3824 1090 3881 superre-
1110 3824 1165 3883 155

43 3886 119 3944 niet.
139 3885 212 3949 Quis
224 3886 316 3952 locus,
330 3904 395 3964 quse
406 3887 497 3952 sedes,
507 3903 604 3962 quave⁴
610 3887 704 3961 carpit
713 3886 804 3943 riaml
820 3887 938 3942 intusne
950 3901 989 3941 an
1001 3886 1088 3943 foris?

60 3994 67 4003 ·
85 3961 234 4022 NEOI’T.
253 3962 322 4021 Hoc
330 3962 450 4041 quidem
461 3964 556 4022 deruis
568 3964 644 4023 illius
656 3964 846 4032 domicilium,
857 3965 1090 4040 gemino-paten-

43 4048 108 4100 tem
121 4042 198 4099 ostio
208 4059 323 4117 rupem.
616 4075 625 4081 ·
1108 4056 1166 4110 160

61 4126 66 4149 ²
83 4118 152 4178 CH.
167 4118 231 4195 ‚ssd
261 4137 300 4177 no
312 4120 374 4194 ipse
385 4119 475 4178 miser
486 4116 559 4176 abiit
571 4118 582 4175 l
1022 4132 1035 4185 J
1152 4136 1156 4143 ·

62 4220 65 4225 ·
80 4196 231 4258 NFoPr.
242 4139 360 4256 iturus
371 4195 485 4264 dubito,
499 4197 571 4272 quin
581 4194 640 4253 eibi
651 4197 799 4273 querendi
815 4198 912 4275 gratia
925 4197 1088 4272 proximum

40 4277 122 4339 boc
133 4275 268 4341 remitam
280 4276 427 4357 ingressos
435 4274 567 4337 ambulet
579 4272 694 4335 alieubi.
716 4275 781 4336 Hac
794 4277 873 4337 enim
887 4274 1089 4337 retroneum
1108 4286 1165 4342 165

299 4412 302 4417 .
430 4402 434 4413 .
518 4359 540 4417 2
557 4371 577 4417 r
592 4358 614 4419 2
