2776 4882
298 684 855 799 SOPHOCLIS

196 940 491 1031 OEomus
539 938 955 1032 eononnue

475 1214 684 1253 ψ

88 1442 193 1513 ’οΕ1).
215 1401 339 1537 QAEAEI
351 1446 427 1508 senis
439 1444 501 1506 fitia
511 1442 672 1525 Antigone,
686 1448 818 1528 qaenam
826 1444 944 1522 edloen,
955 1419 1095 1530 quornm.
1118 1438 1120 1443 ’

55 1548 92 1593 ee
110 1533 266 1609 hominurn
285 1529 323 1589 ad
341 1528 446 1589 urbem
470 1529 675 1603 pervenimus?
698 1529 773 1591 Quis
791 1549 925 1590 erronem
950 1534 1095 1610 OEdipum
1167 1586 1171 1593 .

55 1604 145 1673 hodie
161 1612 276 1688 exiguis
295 1609 419 1684 excipiet
432 1607 526 1674 doum,
543 1606 692 1665 modicum
710 1616 870 1684 petentem,
882 1620 913 1667 et
924 1611 1019 1669 adhuc
1031 1631 1093 1671 mo·

53 1692 120 1769 dico
139 1690 238 1749 minus
256 1687 454 1764 accipientem,
467 1702 560 1762 eoque
576 1690 676 1745 tamen
687 1692 878 1746 contentum?
899 1691 1036 1768 Namque
1046 1703 1123 1763 me}
1166 1696 1176 1716 ⁸

55 1758 205 1836 emmae,
218 1776 249 1826 et
269 1768 360 1843 longa
379 1774 459 1833 oetas,
481 1763 713 1843 tertioqueloco
729 1783 870 1842 generosa
881 1771 973 1827 animi
984 1770 1096 1829 indoles

54 1840 118 1907 tiae
130 1848 203 1905 boni
214 1847 320 1905 docent
331 1844 491 1902 consulere.
524 1842 591 1910 Sed,
606 1842 624 1900 d
637 1842 705 1911 filia,
717 1847 743 1902 si
754 1864 841 1922 quem
852 1848 1003 1915 hominem
1016 1849 1096 1907 viden
1130 1890 1142 1925 Ι,

55 1928 101 1985 tel
112 1926 236 2005 profana
254 1926 287 1982 in
307 1923 414 1981 exedra
434 1922 594 1989 sedentem,
606 1923 651 1978 vel
670 1941 752 1981 sacro
771 1924 804 1981 in
824 1925 900 1993 luco,
918 1928 986 1983 siste
1005 1935 1096 1987 meet
1106 1944 1147 1999 ιο

55 2000 176 2073 conoe,
189 2010 225 2061 ut
243 2008 450 2079 percontemur
462 2019 520 2079 qno
532 2000 652 2059 tandem
671 2001 703 2059 in
724 2000 789 2059 loco
801 2004 901 2063 simus.
942 2006 1098 2082 Peregrini
1159 2017 1166 2025 “

55 2087 136 2143 enim
153 2084 296 2148 venimus,
308 2089 344 2141 ut
356 2099 374 2139 a
385 2080 495 2163 civibus
511 2078 617 2147 edocti,
633 2079 712 2157 quod
723 2080 801 2140 facto
813 2099 886 2158 opus
897 2084 945 2151 sit,
958 2101 1098 2160 exsequa-

55 2182 134 2226 mur.
1139 2203 1146 2234 ·.

95 2240 190 2301 ANP.
210 2238 239 2296 Ο
258 2234 423 2305 calamitose
443 2244 527 2314 pater
546 2236 665 2313 OEdipe,
681 2242 777 2297 turres
797 2256 862 2317 quae
878 2232 1002 2318 cingunt
1014 2241 1144 2317 oppila

56 2315 139 2388 dum,
155 2326 298 2398 quantum
312 2317 407 2376 videre
422 2317 500 2382 licet,
518 2315 621 2409 procul
632 2324 718 2373 sunt:
739 2317 821 2376 iocus
836 2324 936 2377 antem
954 2320 1003 2380 hic
1018 2337 1100 2389 sacer¹

57 2410 111 2462 est,
131 2408 168 2457 ut
191 2397 349 2456 manifestis
368 2416 405 2454 ex
426 2396 540 2453 indiciis
559 2396 675 2472 colligo,
687 2397 796 2530 guippe
811 2399 862 2474 qui
881 2397 977 2480 lauro,
992 2399 1057 2455 olea
1068 2407 1099 2455 et

57 2479 164 2536 vitibus
176 2475 283 2534 crebris
296 2476 424 2533 consitus
435 2482 496 2545 est3
514 2475 593 2532 intus
605 2491 674 2531 vero
714 2485 851 2551 equentes
862 2476 990 2534 lusciniae
1002 2476 1099 2535 dulcet

56 2575 109 2614 one
120 2548 357 2619 furndnntsonos.
398 2552 467 2610 Huc
483 2554 600 2612 conside
621 2554 654 2611 in
674 2553 730 2610 hoe
748 2553 814 2611 rudi
825 2572 913 2626 saxo,
935 2554 1148 2635 longiotem2o

59 2630 139 2694 enim
170 2651 239 2692 uam
251 2650 306 2709 pro
318 2644 387 2691 sene
399 2630 548 2690 confecisti
560 2633 643 2691 viam.
1137 2668 1147 2679 ..

96 2714 125 2772 Ο
186 2758 194 2772 .
214 2713 332 2770 Collom
343 2721 422 2768 nnnc
436 2728 483 2767 me
495 2715 526 2766 et
537 2710 651 2769 emtodi
662 2720 782 2769 mcum

95 2786 191 2852 ΑΝΤ.
210 2791 286 2848 Satis
296 2790 387 2867 longa
399 2788 610 2848 consuetudine
621 2789 732 2847 assuevi
744 2789 800 2847 hoc
812 2788 917 2860 facere,
930 2798 964 2849 ut
977 2809 1026 2852 me
1037 2809 1102 2855 mo-

60 2873 124 2931 neri
137 2881 210 2947 opus
223 2870 341 2929 nonsit.
488 2870 492 2879 '
788 2886 793 2893 ·

97 2950 193 3009 OED.
213 2949 348 3019 Potesne,
371 2958 479 3026 queso,
505 2954 617 3007 certum
636 2965 684 3006 me
702 2944 808 3012 facere,
830 2965 890 3027 quo
909 2948 975 3009 ioco
994 2951 1102 3010 eonsti-

61 3031 189 3088 terimus.
413 3043 418 3056 ·
802 3064 804 3068 -
957 3080 959 3085 .

65 3180 68 3185 .
98 3107 195 3167 ANP.
214 3108 345 3166 Athenas
358 3107 476 3186 quidem
492 3106 579 3177 novi,
609 3104 660 3163 sed
671 3105 768 3165 locum
781 3107 860 3163 hunc
872 3108 986 3185 ignoro.
1023 3106 1148 3172 illudiifi

63 3189 139 3245 enim
153 3186 237 3244 nobis
249 3186 322 3244 dixit
346 3195 466 3263 rogatus
489 3182 580 3264 quivis
599 3177 701 3243 vietor.
741 3184 799 3243 Sed
818 3186 881 3263 quis
901 3186 948 3244 hic
959 3180 1040 3245 locm
1052 3187 1101 3254 sit,
1141 3182 1147 3193 '

64 3266 141 3325 mne
152 3274 188 3323 ut
198 3276 351 3342 progressa
362 3264 533 3343 exquiram?
821 3298 825 3305 ·

99 3342 193 3403 OED.
213 3344 390 3410 Admodum,
404 3343 482 3418 filia,
504 3336 591 3420 idque
603 3342 739 3409 maxime,
754 3359 827 3399 num
838 3344 876 3400 sit
886 3338 1058 3402 habitabilis.
1088 3380 1092 3386 -
1144 3406 1151 3423 ,

10 3440 12 3463 ¹
69 3439 72 3445 ·
100 3420 193 3480 ANT.
213 3423 305 3503 Atqui
326 3421 471 3479 habitatus
491 3426 543 3479 est.
582 3420 640 3478 Sed
664 3420 743 3478 abire
765 3438 812 3479 me
825 3439 970 3497 nonopus
983 3439 1103 3483 essent.

66 3498 170 3559 bitror:
193 3519 293 3558 eccum
306 3502 384 3558 enim
397 3502 491 3558 virum
503 3518 594 3576 prope
607 3517 660 3556 noe
673 3499 764 3559 video.
849 3522 852 3527 ·

99 3580 195 3639 OED.
215 3579 448 3641 Accedentemne
461 3581 519 3636 huc
531 3586 563 3635 et
573 3575 779 3636 festinantem?
1109 3587 1152 3656 ³9

100 3654 192 3717 altr.
212 3657 293 3720 Quin
309 3652 372 3730 jain
393 3665 575 3733 presentem·
616 3657 719 3735 Itaque
737 3654 877 3733 quidquid
888 3674 906 3713 e
918 3673 951 3715 re
963 3664 1015 3715 tun
1027 3657 1105 3717 ride·

67 3733 152 3803 bitur,
186 3738 338 3813 roioquere
345 3761 355 3807 3
377 3753 446 3797 nam
459 3738 502 3795 vir
514 3736 706 3813 adest„quem
719 3735 789 3792 dixi.

100 3816 154 3874 0*
187 3862 193 3874 .
214 3816 242 3871 Ο
254 3815 367 3890 hospes,
381 3822 537 3893 postquam
557 3834 594 3873 ex
606 3815 659 3872 hec
673 3814 779 3880 audivi,
793 3831 858 3893 que
880 3832 934 3890 pro
946 3834 994 3873 me
1006 3825 1036 3872 et
1049 3830 1104 3890 pro

66 3910 94 3955 ee
105 3895 194 3961 videt,
206 3903 237 3950 te
250 3903 448 3970 opportunum
462 3892 596 3952 advenire
610 3894 830 3970 speculatorem,
850 3894 900 3970 qui
911 3913 947 3952 ea
958 3895 1042 3953 nobis
1053 3911 1104 3951 ex·

64 3973 171 4051 pedins,
183 3973 220 4030 de
233 3972 338 4055 quinto
350 3973 453 4032 incerti
466 3986 608 4031 sumus—
1111 3980 1152 4037 8⁵

71 4061 83 4069 ·’
100 4042 192 4109 Ηο8.
213 4050 386 4129 Priusquam
399 4052 483 4129 plum
494 4051 655 4118 scisciteris,
668 4069 705 4110 ex
718 4050 773 4108 ista
781 4049 849 4113 sede
861 4050 926 4110 abi:
941 4070 1011 4114 narn
1023 4060 1105 4117 tenes
1132 4045 1136 4055 ’
1151 4126 1153 4131 Α

60 4128 170 4209 focam,
183 4146 242 4209 quo
254 4131 363 4188 intrare
377 4133 456 4189 nefas
468 4141 521 4189 est.

99 4203 195 4285 QED.
213 4207 287 4277 Qus
299 4226 371 4293 ergo
383 4209 465 4278 luctu
478 4210 542 4275 est?
564 4208 620 4277 Cui
632 4163 766 4282 Deorum
778 4225 858 4284 sacer
869 4209 932 4291 etti
