2776 4882
496 308 721 377 ELECTRA.
994 338 998 345 ·
1063 318 1127 383 249
1198 398 1207 415 Ι

10 476 16 547 ἓ
127 476 189 538 Eia.
209 480 385 557 Ignnvorum
400 492 444 541 est
457 480 624 556 hujusmodi
636 486 714 549 dicta
725 482 857 559 probare.
1061 554 1064 559 Ι

10 556 13 593 ³
127 558 273 620 CHRYS.
292 560 340 618 Tu
352 580 421 619 vero
433 579 494 621 non
506 565 678 621 auscultabis
691 581 785 640 neque
797 563 960 621 consenties
973 560 1064 619 mihil

115 636 191 695 'En
209 638 334 697 Minime
346 659 431 697 sune:
453 659 490 698 ne
503 644 557 699 sim
571 643 644 699 adeo
655 643 761 699 mentis
773 643 867 716 inops.

125 714 272 775 CHRYS.
291 718 417 795 Pergam
430 721 520 797 igitur
532 738 639 797 eoquo
651 722 708 777 iter
719 721 841 777 institui.

124 792 190 852 El..
209 796 357 857 Quorsum
370 807 469 856 autem
480 799 578 857 vadis?
600 800 647 856 eui
659 800 717 863 fers
729 800 784 855 ista
796 799 895 854 saera?
1139 796 1198 849 405

81 872 272 1011 AERYS·
292 874 391 935 Mater
414 896 463 935 me
482 880 584 946 mittit,
606 888 641 937 ut
661 880 751 955 patris
772 877 808 937 ad
835 878 982 935 tumulum
1007 878 1124 941 inferias
1219 946 1224 957 .

121 1028 190 1089 Et..
209 1032 362 1097 Quiduis?
394 1037 442 1093 An
454 1036 623 1095 mortalium
634 1035 827 1093 invisissimo?
1034 1102 1038 1107 .

119 1108 271 1177 CHRYS.
290 1113 386 1177 Quem
398 1116 461 1189 ipsa
472 1114 585 1172 occidit.
625 1114 692 1171 Hoc
704 1116 783 1173 enim
796 1113 838 1169 vis
849 1112 962 1170 diceret

122 1184 191 1247 lu..
210 1190 348 1252 Quonam
360 1192 397 1251 ab
408 1195 503 1251 amieo
515 1194 669 1267 persuasa?
689 1194 739 1251 cui
751 1194 806 1249 huc
819 1192 945 1269 placuit?
956 1206 960 1217 ·

123 1266 271 1337 cflrtvs.
281 1270 339 1332 'Ex
350 1290 455 1347 pavore
468 1272 592 1350 quodam
606 1280 759 1334 nocturno,
773 1280 807 1328 ut
819 1271 893 1327 mihi
904 1270 1026 1329 videtur.
1139 1268 1176 1322 41

122 1344 190 1405 BL.
209 1348 301 1406 ODii
314 1352 410 1425 patrii,
422 1351 520 1408 adeste
533 1368 621 1419 nune,
635 1368 741 1428 qumso,
754 1352 890 1407 manime.
1174 1374 1177 1379 ·

122 1424 273 1487 cHRYS.
292 1428 443 1507 Numquid
456 1430 568 1487 fiduciae
581 1430 635 1488 tibi
646 1428 730 1487 affert
741 1430 789 1486 hic
802 1429 909 1505 pavor?

122 1500 190 1563 EI..
209 1506 241 1561 Si
252 1508 326 1563 mihi
337 1509 514 1571 insomnium
526 1510 696 1574 narraveris,
709 1516 774 1567 tum
785 1507 836 1564 tibi
851 1505 922 1563 illud
935 1505 1038 1565 dicam.
1065 1549 1069 1560 .

124 1582 273 1641 CHRYS.
293 1586 349 1643 Sed
361 1588 482 1663 paulum
495 1587 628 1665 estquod
640 1589 695 1647 hac
706 1586 744 1645 de
756 1604 788 1644 re
800 1587 895 1643 dicere
907 1587 1024 1660 possim·

124 1658 191 1720 m..
212 1662 297 1723 Istud
309 1664 481 1723 dissultans:
495 1684 564 1744 sane
579 1667 656 1726 dicta
668 1666 791 1742 paucula
802 1682 878 1741 saepe
885 1662 949 1738 jam
963 1671 1122 1740 pvvrstrave-
1137 1658 1199 1717 415

82 1746 167 1805 runt,
180 1742 227 1797 vel
239 1753 394 1801 erexerunt
405 1745 549 1805 homines.

124 1818 271 1879 clturs.
291 1822 395 1881 Fertur
406 1824 488 1881 illum
502 1824 603 1883 vidisse
615 1830 729 1898 patrem
746 1830 833 1885 tuum
853 1840 886 1879 ae
904 1839 1004 1879 meum
1022 1838 1124 1883 rursus

79 1897 119 1959 in
131 1912 216 1959 auras
226 1916 389 1959 emersum:
410 1901 514 1959 deiude
527 1903 611 1960 illum
623 1904 656 1959 in
667 1902 757 1959 domo
768 1908 930 1961 versantem
943 1902 1052 1975 cepisse
1062 1918 1123 1957 sce-
1138 1894 1199 1957 420

86 1986 198 2051 ptmm,
215 1978 292 2055 quod
313 1980 445 2057 gestabat
466 1982 538 2039 olim
560 1982 633 2056 ipse,
651 1997 731 2039 nunc
749 1989 849 2040 autem
867 1982 945 2057 gerit
960 1978 1124 2056 AEg‘nthus,

88 2053 215 2133 ilcdque
228 2058 377 2117 interram
389 2059 529 2123 defixisse,
538 2065 625 2136 atque
634 2077 672 2119 ex
681 2077 717 2116 eo
728 2060 759 2116 in
771 2059 864 2117 altum
876 2060 1046 2115 succrevisse
1057 2077 1125 2136 ger·

89 2134 250 2195 minantem
261 2154 386 2205 murum,
400 2156 458 2215 quo
470 2139 643 2197 obumbrata
654 2138 743 2197 fuerit
755 2145 818 2197 tota
829 2136 1019 2213 Mycenarum
1037 2145 1124 2197 terra.

92 2208 213 2275 lleesie
231 2218 339 2291 exponi
357 2217 453 2275 audivi
465 2235 483 2277 a
495 2217 622 2295 quodam
634 2218 684 2295 qui
703 2233 828 2291 prosena
846 2216 950 2283 adfuit,
965 2232 1056 2292 quum
1074 2217 1125 2275 illa
1140 2208 1198 2265 ‘¹25

95 2286 149 2349 Soli
166 2294 315 2353 somnium
333 2307 473 2355 narraret.
512 2296 602 2355 Plura
613 2313 682 2352 vero
701 2296 746 2353 his
766 2312 827 2351 non
839 2296 917 2361 novi,
930 2296 986 2353 nisi
999 2294 1124 2371 quodeo

95 2380 138 2427 me
148 2370 197 2431 ille
208 2372 289 2431 misit
300 2374 339 2431 ob
351 2382 524 2450 conceptum
536 2394 574 2433 ex
585 2376 642 2433 hoc
654 2376 800 2432 insomnio
811 2374 957 2432 timorem.
996 2372 1054 2431 Per
1065 2391 1123 2450 ego

10 2467 13 2483 ·
85 2450 238 2524 stennius
248 2450 328 2511 Deos
341 2454 459 2512 obsecro
470 2455 571 2531 igitur,
584 2462 620 2512 ut
633 2454 703 2511 mihi
716 2452 868 2514 auscultes,
882 2470 977 2529 neque
996 2469 1049 2526 per
1068 2454 1122 2509 im-

10 2538 15 2567 r
98 2524 270 2595 midentiam
283 2550 398 2605 pessum
409 2550 466 2593 eas.
504 2531 584 2591 Nem
594 2534 619 2591 si
631 2549 680 2590 me
692 2548 771 2591 nune
782 2532 913 2607 repelles,
926 2540 1026 2607 postea
1045 2531 1123 2591 mulo
1139 2523 1200 2577 434

10 2618 14 2631 ’
97 2614 186 2669 wa
196 2626 246 2671 me
257 2610 411 2669 revocabis.

10 2696 12 2705 '
127 2684 188 2747 Ele.
206 2688 259 2755 At,
271 2690 291 2751 b
302 2706 378 2756 cara,
391 2690 497 2749 borum
510 2690 637 2767 quidem,
651 2708 716 2767 quse
730 2699 832 2767 portas
851 2689 994 2755 manibus,
1008 2690 1124 2749 tumulo

93 2757 247 2844 §dicavere
259 2768 342 2827 nibil.
380 2768 451 2827 Non
463 2770 543 2827 enim
562 2769 616 2829 tibi
634 2770 677 2829 fn
697 2786 751 2829 nec
769 2771 892 2845 pium‚a
910 2769 1031 2827 muliere
1050 2766 1124 2827 adeo

89 2843 206 2926 {Pierios
216 2846 333 2908 inferias
345 2846 449 2909 offerre
461 2849 547 2925 patri,
559 2856 613 2909 aut
624 2848 763 2907 libamina
771 2848 895 2907 fundere
907 2872 915 2905 ι
937 2847 1044 2907 sedvel
1056 2866 1123 2922 pro·
1140 2838 1199 2895 435

77 2924 142 2981 utos
153 2925 257 2990 ventis,
270 2926 316 2983 vel
326 2926 385 2987 alte
397 2926 499 2985 effossa
510 2928 542 2986 in
554 2934 632 2985 terra
650 2927 751 2991 conde,
764 2927 844 2985 unde
863 2944 1014 3002 uunquam
1026 2926 1064 2985 ad
1076 2935 1123 2985 tu-

77 3002 201 3065 anulum
226 3005 317 3078 patris
338 3005 445 3063 horum
465 3005 583 3067 accedat
601 3006 776 3083 quidquam:
804 3012 835 3062 at
855 3004 949 3063 dones
970 3005 1123 3071 moriatur,
1221 3060 1236 3075 ,

10 3114 12 3135 =
78 3068 238 3146 ulamma
249 3084 343 3141 sinte
354 3085 499 3145 subterra
516 3084 694 3143 adservetur.
733 3083 865 3143 Omnino
884 3084 973 3149 enim,
986 3085 1043 3141 nisi
1061 3084 1124 3143 hec

68 3158 275 3232 runcinum
285 3162 392 3223 mulier
404 3165 537 3223 omnium
557 3172 625 3221 nata
643 3162 729 3228 foret,
743 3180 894 3239 nunquam
913 3161 1019 3221 invisos
1037 3161 1123 3219 hosce
1141 3153 1202 3205 440

66 3234 255 3301 'undarum
267 3241 393 3303 honores
403 3242 491 3308 illius,
506 3260 593 3319 quem
604 3242 667 3317 ipsa
685 3239 799 3307 occidit,
812 3241 928 3299 tumulo
946 3240 1123 3299 destinasset.

64 3294 245 3381 linimus
251 3320 412 3395 perpende,
424 3338 464 3379 au
476 3321 603 3397 tibiipse
615 3320 746 3379 videatur
757 3321 873 3377 tumulo
891 3319 1025 3379 conditus
1045 3337 1124 3377 mor-

66 3386 152 3459 tltus
172 3414 297 3457 memora
317 3399 380 3460 hoec
401 3399 528 3458 libenter
547 3408 717 3474 acceptums
736 3399 773 3456 ab
793 3400 856 3473 ipsa
880 3417 899 3457 a
917 3417 974 3476 qua
995 3398 1123 3473 indignis

57 3470 179 3537 arona
191 3477 312 3543 omissa,
324 3479 461 3537 extremis
481 3477 629 3544 membris,
641 3486 675 3535 ut
694 3478 794 3543 hostis,
806 3484 959 3535 truncatus
977 3484 1031 3543 est,
1044 3494 1122 3554 quae·
1141 3466 1199 3520 445

62 3555 138 3623 ‘lave
152 3554 364 3633 mirificationis
377 3558 438 3616 vioe
449 3558 577 3615 maculas
587 3557 721 3615 abstersit
731 3557 810 3613 illius
821 3557 923 3630 capite.
961 3554 1042 3613 Num
1055 3572 1123 3614 ecn-

56 3633 187 3693 ⁸uhis
199 3652 265 3711 quse
273 3636 334 3695 fers
345 3636 455 3693 eoedem
467 3636 635 3710 illiexpiari
647 3637 748 3712 posse?
776 3634 969 3711 Nequaquam
982 3634 1046 3692 lieri
1058 3643 1133 3709 pot--

60 3714 134 3774 Qut.
175 3712 304 3773 Proinde
320 3714 383 3775 uec
395 3714 512 3791 quidem
531 3714 635 3773 omitte
645 3739 654 3785 3
676 3723 709 3771 tu
722 3730 790 3770 vero
809 3713 934 3787 praecide
953 3713 1055 3787 capitis
1073 3732 1123 3771 ex-

54 3784 195 3851 hamus
213 3792 363 3852 circinum
375 3795 431 3859 tui,
445 3794 561 3870 meique
572 3794 694 3859 misere,
707 3793 808 3869 illique
821 3791 866 3854 dn,
880 3810 968 3867 parva
986 3793 1048 3851 hmo
1061 3793 1124 3869 qui-
1142 3793 1202 3847 450

57 3860 162 3933 alem.
184 3870 281 3947 qtalia
296 3878 403 3930 tamen
425 3872 528 3939 habeo,
547 3873 691 3947 supplices
715 3873 767 3928 has
789 3888 895 3934 comas.
918 3879 949 3928 et
972 3871 1125 3947 cingulum

55 3950 184 4008 *neum
193 3948 453 4025 nullaexpolitum
464 3959 537 4009 arte.
566 3950 670 4008 Pronis
681 3959 780 4008 autem
792 3949 915 4025 supplex
927 3950 1124 4027 genibusora,
1175 3952 1179 3957 '

67 4029 119 4084 ut
130 4027 326 4103 propitiuserr
336 4028 439 4105 inferis
449 4030 556 4095 veniat,
570 4046 656 4105 opem
668 4029 752 4087 nobis
763 4039 866 4087 contra
878 4030 975 4087 hostes
994 4030 1106 4087 laturus
1113 4051 1122 4098 3

68 4106 176 4186 {nque
197 4106 276 4165 lilius
296 4108 416 4167 Orestes
433 4108 571 4167 validiore
594 4124 683 4167 manu
706 4110 804 4165 hostes
823 4108 952 4175 adortus,
966 4107 1046 4165 vivus
1064 4108 1125 4181 ipse
1143 4107 1201 4165 455

71 4193 213 4245 zluoemrs
223 4187 375 4251 conculcet
388 4186 460 4261 pede
468 4210 479 4259 3
501 4205 559 4265 quo
570 4188 659 4262 ipsius
671 4188 820 4245 tumulum
836 4189 954 4262 posthae
973 4186 1126 4243 ditioribus

84 4272 267 4337 qmmmrno
282 4265 417 4325 manibus
435 4282 574 4325 ornemus
591 4265 686 4323 donis.
727 4266 805 4323 Puto
822 4264 968 4341 equidem,
981 4275 1055 4339 puto
1073 4262 1126 4321 ali·

88 4336 464 4424 minimuum-aptare
475 4346 584 4411 animo,
597 4344 729 4421 adeoque
748 4344 790 4403 illi
809 4344 969 4403 immisisse.
980 4341 1126 4403 horrenda
1144 4342 1205 4395 460

136 4437 215 4485 vot..
232 4440 274 4487 ll.
619 4429 640 4486 2
657 4440 680 4485 K
