2776 4882
420 278 758 377 rutnocrsras.
912 278 924 329 ·-·
991 380 994 385 ¹
1043 292 1109 354 aas

57 456 248 536 Spercheum,
256 456 318 533 qim
328 456 407 533 patri
420 476 468 516 me
477 457 614 518 exhibeas
623 476 701 525 meo,
709 474 796 536 quem
805 451 982 530 jamdudnn
992 464 1105 528 metuo,

29 544 32 549 '
59 536 185 597 nemini
197 546 329 605 mortuus
340 536 388 594 sit.
428 537 526 597 Multa
544 539 624 596 enim
643 539 712 596 hinc
729 537 905 594 solventibus
917 536 1055 596 maculata
1067 532 1104 596 ad
1120 544 1179 601 495

57 634 126 675 eum
147 615 225 681 dedi,
244 615 386 690 supplices
405 616 526 674 mittens
546 634 654 693 preces,
668 624 703 673 ut
719 617 780 693 ipse
802 617 868 674 navi
889 617 947 673 huc
968 616 1104 676 advectus

39 762 44 769 ¹
59 695 183 753 domum
194 712 242 752 me
260 693 427 761 abduceret,
440 695 631 774 liberaretque
650 714 668 752 a
687 697 779 754 malis.
820 694 877 752 Sed
889 696 935 753 vel
953 695 1016 753 fato
1035 696 1103 755 fuu-

57 780 193 853 ctustmt,
207 772 252 830 rel
264 770 368 850 qttibus
389 774 453 831 haec
472 777 614 842 commisi,
627 781 663 833 ut
684 774 748 832 fieri
769 775 853 842 solet,
876 775 993 851 opinor,¹
1011 776 1032 832 ii
1052 793 1102 834 me
1137 834 1141 856 ¹

57 868 182 931 meaque
207 851 478 927 parvipendentes,
502 854 623 913 domum
648 854 743 911 redire
768 860 972 929 properarunt,
1011 852 1102 913 Nunc
1118 858 1178 913 500

58 948 136 995 vero,
157 931 196 989 ad
215 937 245 986 te
268 931 349 987 enim
370 931 558 991 deductorem
577 934 665 991 simul
684 941 715 991 et
733 934 871 995 nuntium
889 934 985 1000 venio,
998 939 1033 989 tu
1052 952 1100 991 me
1217 986 1219 990 .

55 1028 149 1076 serva,
163 1016 198 1087 tu
213 1009 273 1067 met
292 1009 441 1079 miserere,
453 1012 648 1078 considerans,
662 1028 749 1089 quam
768 1018 874 1069 cuncta
891 1014 951 1069 sint
969 1013 1101 1069 mortali-

54 1087 112 1148 bus
125 1088 266 1155 ttmenda,
280 1094 408 1166 quotque
420 1090 553 1165 periculis
574 1091 700 1148 obnoxia
716 1092 754 1148 sit
773 1108 875 1148 eorum
896 1090 1036 1157 conditio,
1047 1108 1100 1169 an-

53 1167 324 1246 cepsquefcrtuna,
337 1167 426 1225 modo
436 1170 515 1236 laeta,
527 1170 616 1228 modo
629 1170 727 1228 tristis.
767 1170 892 1246 Oportet
911 1175 1011 1227 autem
1029 1180 1098 1228 eum
1116 1174 1174 1228 505

48 1248 105 1306 cui
124 1264 172 1304 res
190 1246 325 1304 smuudae
344 1256 421 1309 sunt,
436 1246 539 1307 acerba
551 1250 657 1327 quaevis
676 1248 838 1324 respicere3
860 1257 890 1305 et
902 1249 927 1305 si
939 1248 1004 1326 quis
1019 1248 1099 1307 laute

49 1326 139 1393 vivit,
151 1333 223 1383 tunc
235 1342 305 1402 opes
317 1326 394 1383 tueri
407 1328 543 1395 maxime,
558 1346 595 1387 ne
608 1328 787 1403 imprudenti
799 1335 929 1404 pereant.

92 1404 163 1463 ott.
193 1402 344 1471 Miserere,
369 1406 388 1461 0
418 1422 470 1465 rex
479 1430 488 1476 3
524 1408 632 1465 multos
656 1408 802 1465 recensuit
827 1407 874 1464 vix
902 1405 1098 1473 tolerabilium

38 1494 254 1544 erumnarum
278 1484 439 1550 conflictus,
465 1487 580 1562 quantis
604 1486 718 1543 utinam
744 1486 840 1542 nullus
865 1501 1000 1543 meorum
1023 1489 1097 1544 ami-

40 1576 160 1623 corum
180 1561 340 1640 urgeatur!
362 1564 388 1620 si
407 1580 475 1620 vero
493 1566 637 1632 inimicos,
659 1564 678 1623 0
700 1582 761 1630 rex,
780 1562 873 1621 oderis
892 1564 1020 1632 Atridas,
1040 1582 1097 1642 ego
1115 1566 1174 1621 510

37 1640 256 1702 mentorum
273 1642 414 1699 mannum
434 1639 574 1717 inhujus
594 1644 711 1702 lucrum
730 1649 939 1712 converterem,
954 1644 1096 1721 eumque,

34 1722 101 1783 uri
115 1721 247 1796 impense
258 1722 348 1797 cupit,
361 1722 394 1779 in
406 1723 548 1780 instructa
557 1723 631 1781 bene
641 1730 672 1781 et
680 1723 769 1780 celeri
781 1738 853 1792 nave
863 1722 1033 1782 reducerem
1045 1723 1097 1782 do-
1114 1724 1172 1778 515

41 1816 152 1867 mum,
164 1799 296 1857 Deorum
310 1800 464 1859 vindictam
477 1800 628 1879 effugiens.

91 1877 240 1937 Nltorr.
252 1878 327 1937 Vide
339 1885 384 1946 tu,
398 1899 436 1939 ne
449 1898 527 1938 nunc
540 1881 658 1959 quidem
670 1880 782 1940 facilior
795 1880 850 1952 sis3
864 1879 915 1938 ubi
927 1883 997 1938 vet'o
1008 1880 1098 1939 taedio
1111 1882 1174 1937 tao
1191 1893 1193 1897 ·

36 1958 296 2025 morbi-vinceris,
308 1966 379 2017 tunc
391 1977 452 2017 non
464 1960 589 2035 amplius
601 1961 680 2018 hisce
693 1961 776 2019 dictis
789 1961 960 2019 consentias.
1096 1970 1099 1975 “

92 2036 163 2095 011.
184 2037 325 2095 Minime:
347 2056 408 2095 non
420 2046 473 2105 est,
487 2050 522 2097 ut
541 2038 617 2097 hanc
636 2040 727 2098 animi
746 2039 974 2098 mutabilitatem
992 2054 1098 2115 expro-

40 2112 209 2177 teneamini
219 2134 351 2193 unquam
364 2119 480 2174 merito.
611 2176 615 2186 ,

92 2188 241 2254 NEOPT.
260 2196 300 2253 At
319 2195 489 2254 indecorum
508 2204 552 2255 est
566 2197 646 2257 mihi
665 2212 742 2261 sane,
757 2194 854 2254 minus
868 2203 1037 2272 promptum
1050 2212 1098 2254 me
1160 2202 1164 2211 “

45 2274 149 2341 vileri
161 2290 249 2351 qnam
262 2280 303 2340 te,
315 2274 353 2332 ad
365 2292 451 2351 opem
463 2274 615 2334 ferendam
627 2275 735 2351 hospiti
747 2276 779 2332 in
792 2282 933 2350 tempore.
960 2274 1098 2343 Proinde,
1116 2272 1174 2332 525

45 2354 81 2418 ei
98 2352 143 2411 sic
154 2351 278 2420 1111111111,
290 2352 496 2431 abmvigemus
502 2377 512 2426 3
534 2355 631 2412 veniat
649 2355 805 2431 protinam·
847 2352 963 2429 Quippe
975 2355 1041 2412 navi
1051 2370 1100 2413 ac·

45 2508 878 2592 aaa,

48 2589 369 2649 tioneminstituimus.
977 2579 984 2591 ⁹
1205 2602 1210 2611 ·

92 2664 205 2733 PHIL.
226 2668 255 2725 0
266 2664 346 2726 diem
356 2668 458 2727 letum
470 2670 631 2751 plurimum
644 2667 651 2726 l
673 2669 692 2726 0
705 2668 799 2727 virum
814 2671 948 2727 omnium
967 2670 1097 2727 suavissi-
1115 2668 1175 2723 580

51 2744 159 2807 mum!
182 2747 201 2804 0
224 2748 341 2825 amicos
355 2749 496 2827 remiges!
524 2751 639 2808 utinam
653 2748 734 2806 vobis
757 2766 790 2806 re
808 2749 960 2806 ostendere
980 2749 1098 2824 possim,

54 2838 146 2907 qrmm
159 2824 276 2884 mehor
288 2826 429 2907 beneficio
442 2829 613 2886 obstrictum
625 2827 755 2885 habetis!
791 2826 912 2894 Eamus,
926 2830 944 2884 0
958 2827 1009 2895 lili,
1022 2828 1097 2884 salu-

52 2911 118 2964 tata
129 2905 211 2981 prius
223 2904 273 2963 illa
284 2904 364 2964 intus
383 2906 511 2965 inlausta
530 2907 720 2970 habitatione,
734 2910 770 2964 ut
782 2914 812 2963 et
824 2920 980 2983 cognoscas
994 2906 1098 2983 quihus
1114 2905 1172 2960 535
1227 2948 1230 2957 .

55 2983 192 3053 subsidiis
210 2982 299 3043 vitam
318 2984 511 3050 toleraverim,
525 3003 640 3064 quoque
661 2986 768 3043 fuerim
789 2986 879 3042 animi
899 2985 1021 3042 robore:
1044 2985 1099 3041 ho·

10 3124 12 3137 ,
55 3079 125 3122 rum
135 3063 218 3121 enim
229 3081 267 3120 ne
279 3063 446 3140 adspectum
457 3066 576 3142 quidem
589 3066 738 3123 neminem
750 3064 841 3121 alium
856 3073 960 3138 praeter
974 3080 1021 3120 me
1034 3080 1099 3139 pas·

10 3198 12 3225 ÷
56 3140 259 3235 turumofuisse
271 3143 396 3201 arbitror
402 3168 412 3215 ,-
435 3162 482 3233 me
496 3151 564 3203 vero
576 3142 654 3202 mala
667 3143 736 3201 boul
748 3142 898 3213 consulere
911 3142 1011 3200 docuit
1025 3142 1099 3200 dura

10 3232 16 3401 1
57 3229 338 3383 ἭἯὲοὶιῶει
360 3300 508 3367 ¹‹liscamus
528 3301 597 3378 quid
616 3300 655 3357 sit
677 3298 753 3366 novi.
792 3298 927 3379 Namque
948 3298 1002 3357 viri
1017 3298 1097 3366 duo,

55 3374 221 3435 dmi-mets
232 3386 293 3436 tue
310 3381 415 3443 socius,
428 3381 503 3439 alter
521 3387 622 3438 autem
642 3389 769 3448 exterra,
781 3378 840 3437 huc
860 3377 1011 3444 accedunt,
1025 3394 1097 3455 quos
1113 3376 1172 3432 540
1281 3402 1284 3409 ·

10 3466 13 3495 ²
55 3454 430 3535 quumaudieritis,pustea
441 3458 658 3536 ingrediemini.

89 3530 218 3593 HERC.
237 3534 357 3597 Achillis
370 3537 422 3605 lili,
435 3538 548 3596 soelmu
560 3546 649 3595 tuum
662 3538 750 3601 hunc,
765 3536 814 3613 qui
828 3552 895 3592 cum
907 3533 1020 3591 duobus
1033 3534 1095 3591 aliis

57 3612 137 3691 qnid
159 3630 263 3671 navem
283 3624 365 3673 tuum
386 3618 543 3674 stationem
566 3616 681 3692 agebat,
701 3610 776 3687 jussi
796 3614 869 3672 mihi
891 3613 942 3670 ubi
962 3613 1095 3670 locorum

55 3708 131 3749 esses
148 3690 358 3762 demomunre,
378 3694 613 3772 quandoquidem
638 3695 744 3753 inscius
770 3692 994 3770 imprudensque
1013 3692 1046 3748 in
1065 3699 1096 3749 te
1111 3693 1168 3748 545

54 3766 160 3838 1101111·-
168 3768 245 3829 lbrte
256 3770 374 3832 fortuna
386 3774 423 3832 ad
436 3773 514 3831 idem
525 3773 595 3832 litus
607 3773 754 3850 appulsus.
793 3771 941 3849 Navigans
959 3772 1048 3835 enim,
1061 3778 1096 3828 ut

53 3842 219 3917 nauclerus,
230 3851 310 3909 haud
419 3868 438 3909 o
456 3859 622 3910 commeatu
641 3852 679 3909 ab
699 3852 754 3908 llio
765 3850 886 3908 domum
899 3848 936 3906 ad
948 3852 1007 3906 vini
1019 3850 1095 3906 fera-

53 3938 125 3987 111111·
134 3922 342 4005 Peparethum,
362 3948 383 3988 u
403 3931 414 3988 i
432 3932 530 3990 audivi
550 3942 662 3996 nautas,
678 3932 729 4008 qui
748 3931 806 3987 hnc
825 3929 1008 4005 appulerant,
1028 3936 1095 3986 tuos
1112 3928 1171 3985 550

53 4024 116 4065 mse
128 4024 241 4076 omnes,
254 4009 349 4067 visum
368 4018 413 4068 est
431 4012 505 4069 mihi
524 4010 603 4068 haud
622 4011 709 4067 tacite
728 4009 981 4085 praeternavigare,
1001 4007 1096 4082 prius-

54 4098 145 4167 quam
164 4084 218 4144 tlbl
230 4088 364 4165 quedam
376 4088 603 4154 denuntiassem,
616 4095 786 4146 consecutus
798 4086 917 4164 aliquid,
930 4095 964 4142 ut
977 4098 1030 4160 par
1042 4096 1094 4149 est,

54 4158 179 4243 pmmii.
210 4164 295 4224 Nihil
306 4168 383 4225 forte
396 4170 472 4226 nosti
484 4168 520 4224 de
534 4169 568 4224 iis
581 4182 646 4244 quae
659 4176 710 4224 tua
723 4166 881 4231 intersunt,
895 4178 959 4240 quae
972 4182 1047 4222 nora
1059 4164 1096 4221 de

54 4251 85 4302 te
97 4244 216 4303 Achivis
226 4246 349 4303 masilia
358 4255 444 4319 snut3
462 4262 517 4304 nec
529 4245 649 4305 consilia
661 4251 779 4305 tantum
787 4244 880 4301 verbis
892 4242 975 4310 lnlta,
989 4243 1039 4322 sed
1052 4241 1170 4300 (11-’555

52 4322 108 4382 ctis
116 4318 181 4395 jam
194 4324 272 4383 lacte
281 4332 450 4403 suppetunt,
460 4338 582 4403 remque
592 4324 671 4389 hand
684 4322 867 4400 negligenter
879 4327 1084 4399 exsequuntur.

99 4421 186 4466 vor..
200 4422 244 4468 11.
313 4452 317 4461 ,
564 4411 625 4468 00
