2776 4882
464 312 688 381 nnscrns.
961 342 966 349 -
1030 321 1094 393 sss
1165 402 1175 419 ι

10 488 12 507 ²
94 482 157 543 Eia.
177 484 353 561 lgnavorum
368 495 411 544 est
424 484 591 560 hujusmodi
604 490 681 553 dicta
693 486 824 563 probare.
1028 556 1031 565 Ι

95 561 240 623 CHRYS.
260 564 307 621 Tu
320 584 388 623 vero
401 584 461 625 non
473 568 645 627 auscultabis
658 584 753 643 neque
765 566 927 625 consenties
940 564 1032 623 nibil

84 640 158 699 'En
176 642 302 701 Minime
314 663 399 701 sane:
421 663 458 701 ne
471 648 525 703 sim
539 647 612 703 adeo
623 647 728 703 mentis
741 647 835 719 inops.

93 719 240 781 cunis,
259 722 385 799 Pergam
398 725 488 801 igitur
500 742 536 781 eo
548 742 607 801 quo
618 727 675 782 iter
686 725 809 781 institui.

92 796 157 856 BL.
176 800 325 861 Quorsum
338 811 438 860 autem
449 803 546 860 vadis?
567 805 614 860 cui
626 804 684 867 fers
696 804 751 859 ista
763 803 863 858 saera?
1107 800 1166 852 405

54 876 240 1015 ῆιἓξιΠὶΥὸ.
260 879 359 939 Mater
382 900 431 941 me
450 883 552 950 mittit,
574 890 609 941 ut
629 885 718 959 patris
739 880 776 939 ad
802 881 950 939 tumulum
974 880 1092 943 inferias
1183 942 1192 961 ,x

89 1032 158 1093 EL.
176 1036 329 1102 Quidais?
362 1041 410 1099 An
422 1040 590 1097 mortalium
602 1039 795 1098 invisissimoi
1002 1104 1006 1111 .

87 1112 239 1181 CHRYS.
258 1118 354 1181 Quem
366 1120 429 1193 ipsa
440 1118 553 1175 occidit.
593 1117 660 1175 Hoc
672 1119 751 1175 enim
763 1118 805 1173 vis
817 1116 929 1173 dicere:

90 1188 159 1251 EL.
177 1194 316 1257 Quonam
328 1197 365 1255 ab
376 1199 471 1255 amico
483 1198 637 1271 persuassi
657 1197 707 1255 eui
718 1198 774 1253 hoc
787 1196 894 1272 placuit
903 1197 927 1251 l·

90 1271 238 1341 CHRYS.
249 1274 307 1335 'Ex
318 1293 423 1351 pavore
436 1275 560 1353 quodam
574 1286 727 1338 nonturno,
741 1283 775 1331 ut
787 1275 860 1331 mibi
872 1273 994 1332 videtur.
1107 1272 1143 1325 41

90 1348 158 1409 lin.
177 1352 270 1411 ODii
282 1355 377 1429 patrii,
390 1355 488 1413 adeste
500 1371 588 1421 nune,
602 1371 708 1431 queso,
722 1356 857 1411 maome.
1142 1378 1145 1383 ·

90 1428 240 1493 CHRYS.
260 1432 411 1510 Numquid
424 1433 536 1491 fiducias
549 1433 603 1491 tibi
614 1431 697 1491 affert
709 1434 757 1489 hio
769 1432 877 1507 pavori

90 1506 157 1567 EL.
177 1511 208 1567 b'i
220 1512 294 1568 mihi
305 1513 482 1569 insomnium
494 1512 664 1578 narraveris,
677 1519 741 1571 tum
752 1511 805 1567 tibi
819 1509 890 1567 illud
902 1509 1006 1569 dicam.
1033 1552 1037 1565 .

92 1586 241 1646 CHRYS.
260 1591 317 1647 Sed
329 1592 449 1667 paulum
462 1600 506 1648 est
518 1590 596 1668 quod
608 1592 662 1651 hac
675 1589 712 1648 de
723 1608 756 1647 re
768 1590 863 1647 dicere
876 1591 992 1664 possim.

92 1662 159 1725 ΕΒ.
179 1666 264 1727 Istud
277 1667 324 1725 die
332 1671 449 1727 saltems
462 1688 532 1744 sane
546 1670 624 1731 dieta
636 1669 759 1746 paucula
770 1686 846 1745 sape
853 1665 917 1742 jam
931 1675 1090 1743 prostrave·
1106 1662 1167 1719 415

58 1752 135 1809 nint,
148 1745 194 1802 vel
207 1756 361 1805 erexerunt
373 1749 517 1807 homines.

94 1822 238 1883 CHRYS.
259 1826 363 1885 Fertur
373 1828 456 1885 illum
470 1828 571 1887 vidisse
582 1832 697 1901 patrem
715 1832 800 1887 tuum
820 1843 855 1883 ae
872 1843 972 1883 meum
990 1842 1092 1885 rursus

58 1899 91 1961 in
100 1916 183 1965 turns
194 1920 339 1963 emersum
350 1928 357 1961 :
378 1904 482 1963 deinde
495 1906 578 1965 illum
591 1907 623 1963 in
635 1906 725 1963 domo
736 1912 898 1965 versantem
911 1905 1020 1979 cepisse
1031 1922 1091 1962 see-
1107 1898 1167 1961 ,420

64 1990 165 2053 utnon,
182 1982 260 2060 quod
281 1984 412 2061 gestabat
434 1985 505 2044 olim
528 1985 601 2060 ipse,
619 2001 699 2043 nunc
717 1991 816 2045 autem
835 1985 914 2061 gerit
929 1982 1092 2060 AEgisthus,

66 2056 182 2137 illudque
195 2062 344 2121 interram
357 2063 497 2127 defixisse,
506 2070 593 2140 atque
602 2082 639 2123 ex
649 2081 685 2120 eo
696 2064 728 2119 in
739 2063 832 2121 altum
843 2063 1014 2119 succrevisse
1025 2080 1093 2140 ger·

69 2138 217 2198 meantem
229 2158 353 2209 ramum,
368 2159 425 2219 quo
437 2142 611 2201 obumbrata
621 2142 711 2200 faverit
723 2148 785 2199 tota
797 2140 987 2216 Mycenarum
1005 2147 1092 2201 terra.

70 2209 180 2277 bacen
198 2222 306 2295 exponi
324 2221 421 2279 audivi
433 2239 451 2279 a
463 2221 589 2299 quodam
602 2222 652 2298 qui
671 2237 796 2294 presens
814 2220 918 2287 adfuit,
933 2236 1024 2296 quum
1042 2220 1093 2279 illa
1108 2212 1166 2269 425

72 2288 119 2355 buli
134 2298 283 2357 somnium
301 2310 441 2358 narraret.
480 2300 570 2358 Plura
581 2316 650 2357 vero
668 2299 714 2357 his
734 2316 795 2357 non
807 2300 885 2365 novi,
899 2300 954 2357 nisi
967 2298 1044 2373 quod
1055 2316 1092 2356 eo

70 2384 109 2429 ros
118 2374 164 2437 ills
176 2377 256 2434 misit
268 2378 307 2435 ob
319 2385 492 2453 conceptum
504 2398 542 2437 ex
554 2380 610 2437 hoc
622 2379 768 2435 insomnio
779 2378 925 2435 timorem.
964 2376 1022 2435 Per
1033 2394 1091 2454 ego

60 2454 95 2504 ³¹⁸
102 2456 205 2527 pruina
215 2455 296 2517 Deos
308 2457 427 2515 obsecro
438 2459 539 2535 igitur,
552 2466 588 2516 ut
600 2457 671 2515 mihi
684 2456 835 2517 auscultes,
850 2474 945 2533 neque
965 2473 1017 2529 per
1036 2458 1090 2513 im·

72 2528 238 2599 prudentiam
251 2553 367 2609 pessum
377 2554 434 2597 eas.
471 2535 552 2597 Nam
562 2537 588 2595 si
600 2553 648 2593 me
655 2552 740 2595 ,nunc
750 2535 881 2610 repelles,
894 2543 994 2610 postes
1013 2534 1091 2595 malo
1108 2526 1169 2581 434

10 2634 12 2643 ·
72 2618 153 2671 mtto
163 2632 213 2675 rue
224 2614 379 2673 revocabis.

10 2712 13 2723 ·
100 2686 155 2753 ΕΒ,
173 2693 227 2760 At,
239 2694 259 2755 d
270 2710 345 2760 cara,
359 2695 465 2755 borum
478 2694 605 2771 quidem,
619 2712 684 2770 quse
702 2702 800 2769 portas
819 2692 963 2759 manibus,
976 2693 1092 2751 tumulo

10 2788 15 2801 ·
73 2762 215 2853 unsaris
226 2772 310 2831 nihil
347 2772 419 2833 Non
431 2774 511 2833 enim
530 2773 584 2833 tibi
602 2773 645 2833 fas
665 2790 719 2833 nae
737 2774 860 2850 pluma
878 2772 1000 2831 muliere
1018 2770 1092 2829 adeo

72 2845 173 2933 {linies
183 2850 301 2913 inferias
313 2850 417 2913 offerre
429 2853 515 2929 patri,
527 2859 580 2913 aut
592 2852 731 2911 libamina
740 2851 864 2911 fundere
875 2876 883 2908 ι
905 2850 956 2909 sed
967 2851 1012 2909 vel
1024 2869 1092 2925 pro·
1108 2842 1167 2898 435

66 2934 115 2988 lus
124 2930 224 2995 ventis,
238 2930 284 2987 vel
293 2930 352 2991 alte
365 2931 467 2989 effossa
477 2932 509 2989 in
523 2939 600 2989 terra
617 2930 719 2994 conde,
733 2929 812 2989 unde
831 2948 982 3005 nunquam
994 2930 1032 2989 ad
1044 2939 1091 2988 tu-

70 3004 168 3069 furlum
193 3010 285 3083 patris
306 3010 413 3067 limum
433 3009 551 3069 accedat
563 3010 744 3086 quidquam:
772 3015 803 3065 at
824 3007 917 3065 donec
938 3009 1091 3075 moriatur,
1190 3064 1204 3079 ,

11 3141 18 3154 ,
70 3078 206 3149 Mons
217 3089 310 3147 eliste
321 3089 467 3149 subterra
484 3088 662 3147 adservetur.
701 3087 834 3146 Omnino
852 3088 941 3153 enim,
955 3088 1011 3145 nisi
1029 3087 1093 3149 bac

68 3162 243 3247 4414ωωί413
253 3168 505 3229 mulieromnium
524 3174 593 3225 nats
611 3166 698 3232 foret,
712 3184 862 3243 nunquam
881 3166 987 3223 invisos
1006 3166 1092 3223 boses
1109 3156 1170 3209 440

70 3240 223 3307 1⁰ferierunt
235 3244 360 3305 honores
371 3247 459 3312 illius,
472 3263 562 3323 quem
572 3246 635 3320 ipsa
653 3244 768 3311 occidit,
781 3246 897 3302 tumulo
915 3244 1092 3305 destinasset.

69 3310 212 3385 iamvos
218 3324 380 3399 perpende,
392 3342 432 3383 an
443 3325 497 3383 tibi
505 3325 571 3400 ¹ipse
583 3324 714 3384 videatur
725 3325 841 3382 tumulo
859 3324 994 3383 conditus
1013 3341 1092 3381 mor-

67 3402 123 3460 ·tttus
141 3418 265 3463 munero
285 3403 348 3465 baeo
368 3404 496 3461 libenter
515 3412 685 3478 accepturos
704 3404 742 3461 ab
763 3404 825 3478 ipsa
849 3421 943 3480 aqua
963 3402 1092 3478 ivnlignis

65 3480 148 3539 sonte
159 3481 280 3548 ooeisru,
292 3483 429 3541 extremis
448 3482 597 3548 membris,
609 3489 643 3540 ut
662 3483 763 3548 hostis,
775 3490 927 3539 nonestus
945 3488 999 3547 est,
1013 3499 1091 3557 quae·
1110 3470 1168 3524 445

10 3570 22 3609 4
67 3570 112 3631 φο
123 3560 332 3637 puio-cationis
344 3563 405 3619 vine
417 3562 545 3620 maculas
555 3561 689 3619 abstersit
700 3562 778 3619 illius
790 3561 892 3635 carpite.
929 3558 1011 3617 Num
1023 3576 1092 3617 ceu·

63 3639 155 3697 sals
167 3656 232 3715 quar
241 3640 302 3701 -iers
313 3640 423 3699 casdem
435 3641 603 3715 illiexpiari
615 3642 716 3716 posse?
745 3638 937 3715 Nequaquam
950 3638 1015 3697 lieri
1026 3647 1101 3713 pot·-

62 3724 107 3775 ot.
144 3717 272 3777 Proinde
286 3718 351 3779 hac
363 3718 480 3797 quidem
499 3719 603 3777 omitte
613 3743 622 3789 ;
644 3728 677 3775 tu
690 3734 759 3774 vero
778 3717 902 3791 praecide
921 3717 1023 3791 capitis
1042 3736 1092 3775 ex-

55 3796 331 3857 ‚nemmemeinsos
342 3800 399 3863 tui,
413 3799 529 3875 meique
540 3798 662 3863 miserae,
675 3797 776 3873 illique
788 3796 834 3858 da,
848 3814 936 3871 parva
955 3797 1016 3853 lues
1030 3797 1093 3873 qui·
1110 3797 1170 3851 450

55 3874 131 3937 dem,
153 3875 250 3951 qualis
263 3882 371 3939 :tamen
393 3876 496 3944 babeo,
515 3877 659 3952 supplices
683 3877 735 3932 bas
757 3891 863 3937 comas,
887 3882 917 3931 et
940 3875 1093 3950 cingulum

49 3970 153 4013 metim
162 3952 251 4013 nulla.
258 3954 421 4030 expolitum
432 3964 505 4013 nrte.
534 3955 638 4012 Pronis
649 3963 748 4011 autem
760 3953 884 4029 supplex
895 3954 1092 4030 genibusora,

52 4038 89 4091 ut
100 4032 295 4107 propitiusex
304 4032 407 4093 inferis
417 4034 524 4099 veniat,
538 4050 624 4109 opem
637 4033 720 4091 nobis
731 4042 835 4091 contra
847 4033 943 4090 hostes
962 4033 1074 4091 laturus
1081 4054 1091 4102 3

49 4118 144 4189 utqrve
165 4110 244 4171 filius
264 4112 384 4171 Orestes
401 4112 539 4171 validiore
562 4128 652 4170 manu
674 4113 772 4169 hostes
791 4111 920 4179 adortus,
933 4112 1014 4169 vivus
1033 4112 1093 4185 ipse
1111 4111 1170 4169 455

42 4188 181 4267 -jaoenttss
192 4191 343 4255 conculcet
357 4190 428 4265 pede
436 4215 447 4263 3
469 4209 527 4269 quo
538 4191 627 4266 ipsius
640 4192 788 4249 tumulum
804 4193 923 4266 posthac
942 4190 1094 4247 ditioribus

49 4282 235 4349 quamnuno
250 4269 385 4331 manibus
403 4286 542 4329 ornemus
560 4270 654 4327 donis.
695 4270 773 4328 Puto
791 4269 937 4346 equidem,
950 4278 1023 4343 puto
1042 4266 1094 4325 ali·

42 4341 432 4429 qumjsmipsumagtars
443 4350 552 4416 animo,
565 4348 697 4425 adeoque
716 4349 759 4408 illi
778 4348 938 4409 immisisse.
949 4345 1095 4407 horrenda
1113 4346 1174 4398 460

96 4442 183 4492 V01n
200 4444 242 4491 tl.
587 4434 608 4490 2
625 4444 648 4490 K
812 4452 815 4457 ’
